<?xml version="1.0" encoding="UTF-8"?>
<!DOCTYPE html PUBLIC "-//W3C//DTD XHTML 1.0 Transitional//EN"
    "http://www.w3.org/TR/xhtml1/DTD/xhtml1-transitional.dtd">
<html xmlns="http://www.w3.org/1999/xhtml" xml:lang="en" lang="en">
 <head>
  <title>
</title>
<meta http-equiv="Content-Type" content="text/html;charset=utf-8" />
  <meta name='ocr-system' content='tesseract 3.04.00' />
  <meta name='ocr-capabilities' content='ocr_page ocr_carea ocr_par ocr_line ocrx_word'/>
</head>
<body>
  <div class='ocr_page' id='page_1' title='image "./incertiauctorisd00consuoft_0039.png"; bbox 0 0 1583 2552; ppageno 0'>
   <div class='ocr_carea' id='block_1_1' title="bbox 655 88 940 128">
    <p class='ocr_par' dir='ltr' id='par_1_1' title="bbox 655 88 940 128">
     <span class='ocr_line' id='line_1_1' title="bbox 655 88 940 128; baseline -0.011 -10"><span class='ocrx_word' id='word_1_1' title='bbox 655 88 940 128; x_wconf 74' lang='lat'>—27-</span> 
     </span>
    </p>
   </div>
   <div class='ocr_carea' id='block_1_2' title="bbox 69 192 1546 1957">
    <p class='ocr_par' dir='ltr' id='par_1_2' title="bbox 69 192 1475 782">
     <span class='ocr_line' id='line_1_2' title="bbox 120 192 1472 250; baseline -0.005 -11"><span class='ocrx_word' id='word_1_2' title='bbox 120 196 368 239; x_wconf 85' lang='lat' dir='ltr'><strong>huiusmodi</strong></span> <span class='ocrx_word' id='word_1_3' title='bbox 406 196 451 238; x_wconf 90' lang='lat' dir='ltr'><strong>in</strong></span> <span class='ocrx_word' id='word_1_4' title='bbox 490 195 815 250; x_wconf 75' lang='lat' dir='ltr'>quaestionibus</span> <span class='ocrx_word' id='word_1_5' title='bbox 854 194 958 247; x_wconf 93' lang='lat' dir='ltr'><strong>poni</strong></span> <span class='ocrx_word' id='word_1_6' title='bbox 996 195 1039 234; x_wconf 90' lang='lat' dir='ltr'><strong>et</strong></span> <span class='ocrx_word' id='word_1_7' title='bbox 1071 193 1123 234; x_wconf 88' lang='lat' dir='ltr'><strong>ab</strong></span> <span class='ocrx_word' id='word_1_8' title='bbox 1156 193 1209 234; x_wconf 91' lang='lat' dir='ltr'><strong>iis</strong></span> <span class='ocrx_word' id='word_1_9' title='bbox 1243 192 1472 233; x_wconf 87' lang='lat' dir='ltr'><strong>veritatem</strong></span> 
     </span>
     <span class='ocr_line' id='line_1_3' title="bbox 120 251 1471 312; baseline -0.004 -14"><span class='ocrx_word' id='word_1_10' title='bbox 120 256 279 312; x_wconf 86' lang='lat' dir='ltr'><strong>inquiri</strong></span> <span class='ocrx_word' id='word_1_11' title='bbox 316 256 366 297; x_wconf 89' lang='lat' dir='ltr'><strong>de</strong></span> <span class='ocrx_word' id='word_1_12' title='bbox 403 254 652 311; x_wconf 80' lang='lat' dir='ltr'><strong>praemissis</strong></span> <span class='ocrx_word' id='word_1_13' title='bbox 685 253 907 295; x_wconf 85' lang='lat' dir='ltr'><strong>mandavit</strong></span> <span class='ocrx_word' id='word_1_14' title='bbox 939 255 982 294; x_wconf 87' lang='lat' dir='ltr'><strong>et</strong></span> <span class='ocrx_word' id='word_1_15' title='bbox 1019 252 1122 294; x_wconf 86' lang='lat' dir='ltr'><strong>fecit</strong></span> <span class='ocrx_word' id='word_1_16' title='bbox 1159 255 1207 293; x_wconf 89' lang='lat' dir='ltr'><strong>ut</strong></span> <span class='ocrx_word' id='word_1_17' title='bbox 1239 255 1306 293; x_wconf 89' lang='lat' dir='ltr'><strong>est</strong></span> <span class='ocrx_word' id='word_1_18' title='bbox 1337 251 1471 292; x_wconf 90' lang='lat' dir='ltr'><strong>moris</strong></span> 
     </span>
     <span class='ocr_line' id='line_1_4' title="bbox 123 310 1474 366; baseline -0.004 -9"><span class='ocrx_word' id='word_1_19' title='bbox 123 318 166 357; x_wconf 92' lang='lat' dir='ltr'><strong>et</strong></span> <span class='ocrx_word' id='word_1_20' title='bbox 215 315 400 357; x_wconf 77' lang='lat' dir='ltr'><strong>maxime</strong></span> <span class='ocrx_word' id='word_1_21' title='bbox 448 313 742 355; x_wconf 85' lang='lat' dir='ltr'><strong>Romanorum</strong></span> <span class='ocrx_word' id='word_1_22' title='bbox 799 312 871 366; x_wconf 89' lang='lat' dir='ltr'><strong>qui</strong></span> <span class='ocrx_word' id='word_1_23' title='bbox 926 312 1171 353; x_wconf 81' lang='lat' dir='ltr'><strong>inventores</strong></span> <span class='ocrx_word' id='word_1_24' title='bbox 1227 310 1474 352; x_wconf 88' lang='lat' dir='ltr'><strong>huiusmodi</strong></span> 
     </span>
     <span class='ocr_line' id='line_1_5' title="bbox 124 370 1473 429; baseline -0.005 -13"><span class='ocrx_word' id='word_1_25' title='bbox 124 374 423 429; x_wconf 76' lang='lat' dir='ltr'><strong>quaestionum</strong></span> <span class='ocrx_word' id='word_1_26' title='bbox 469 372 654 414; x_wconf 73' lang='lat' dir='ltr'><strong>existere</strong></span> <span class='ocrx_word' id='word_1_27' title='bbox 698 372 954 413; x_wconf 89' lang='lat' dir='ltr'><strong>referuntur.</strong></span> <span class='ocrx_word' id='word_1_28' title='bbox 1021 370 1211 411; x_wconf 86' lang='lat' dir='ltr'><strong>Tandem</strong></span> <span class='ocrx_word' id='word_1_29' title='bbox 1255 384 1332 423; x_wconf 90' lang='lat' dir='ltr'><strong>per</strong></span> <span class='ocrx_word' id='word_1_30' title='bbox 1376 384 1473 410; x_wconf 92' lang='lat' dir='ltr'><strong>con-</strong></span> 
     </span>
     <span class='ocr_line' id='line_1_6' title="bbox 85 428 1475 486; baseline -0.001 -15"><span class='ocrx_word' id='word_1_31' title='bbox 85 445 102 471; x_wconf 91' lang='lat'>5</span> <span class='ocrx_word' id='word_1_32' title='bbox 122 433 354 475; x_wconf 81' lang='lat' dir='ltr'><strong>sessionem</strong></span> <span class='ocrx_word' id='word_1_33' title='bbox 380 432 574 486; x_wconf 89' lang='lat' dir='ltr'><strong>ipsorum</strong></span> <span class='ocrx_word' id='word_1_34' title='bbox 600 432 824 472; x_wconf 86' lang='lat' dir='ltr'><strong>inventum</strong></span> <span class='ocrx_word' id='word_1_35' title='bbox 849 430 933 471; x_wconf 89' lang='lat' dir='ltr'><strong>fuit</strong></span> <span class='ocrx_word' id='word_1_36' title='bbox 953 444 1044 471; x_wconf 89' lang='lat' dir='ltr'><strong>rem</strong></span> <span class='ocrx_word' id='word_1_37' title='bbox 1064 429 1261 470; x_wconf 88' lang='lat' dir='ltr'><strong>totaliter</strong></span> <span class='ocrx_word' id='word_1_38' title='bbox 1286 428 1349 469; x_wconf 91' lang='lat' dir='ltr'><strong>ita</strong></span> <span class='ocrx_word' id='word_1_39' title='bbox 1370 443 1475 481; x_wconf 85' lang='lat' dir='ltr'><strong>esse,</strong></span> 
     </span>
     <span class='ocr_line' id='line_1_7' title="bbox 123 487 1475 547; baseline -0.004 -14"><span class='ocrx_word' id='word_1_40' title='bbox 123 491 480 547; x_wconf 86' lang='lat' dir='ltr'><strong>quemadmodum</strong></span> <span class='ocrx_word' id='word_1_41' title='bbox 511 490 676 532; x_wconf 90' lang='lat' dir='ltr'><strong>Helena</strong></span> <span class='ocrx_word' id='word_1_42' title='bbox 710 493 752 531; x_wconf 91' lang='lat' dir='ltr'><strong>et</strong></span> <span class='ocrx_word' id='word_1_43' title='bbox 785 490 873 531; x_wconf 90' lang='lat' dir='ltr'><strong>eius</strong></span> <span class='ocrx_word' id='word_1_44' title='bbox 907 489 1020 530; x_wconf 88' lang='lat' dir='ltr'><strong>filius</strong></span> <span class='ocrx_word' id='word_1_45' title='bbox 1055 487 1362 530; x_wconf 84' lang='lat' dir='ltr'><strong>Constantinus</strong></span> <span class='ocrx_word' id='word_1_46' title='bbox 1392 487 1475 541; x_wconf 88' lang='lat' dir='ltr'><strong>ipsi</strong></span> 
     </span>
     <span class='ocr_line' id='line_1_8' title="bbox 121 547 1475 604; baseline -0.004 -12"><span class='ocrx_word' id='word_1_47' title='bbox 121 550 373 604; x_wconf 84' lang='lat' dir='ltr'><strong>imperatori</strong></span> <span class='ocrx_word' id='word_1_48' title='bbox 391 550 664 603; x_wconf 83' lang='lat' dir='ltr'><strong>rettulerant,</strong></span> <span class='ocrx_word' id='word_1_49' title='bbox 691 552 737 590; x_wconf 87' lang='lat' dir='ltr'><strong>ut</strong></span> <span class='ocrx_word' id='word_1_50' title='bbox 757 548 1061 602; x_wconf 85' lang='lat' dir='ltr'><strong>praediximus.</strong></span> <span class='ocrx_word' id='word_1_51' title='bbox 1098 547 1220 589; x_wconf 90' lang='lat' dir='ltr'><strong>Unde</strong></span> <span class='ocrx_word' id='word_1_52' title='bbox 1241 547 1475 600; x_wconf 88' lang='lat' dir='ltr'><strong>imperator</strong></span> 
     </span>
     <span class='ocr_line' id='line_1_9' title="bbox 121 607 1475 662; baseline -0.004 -11"><span class='ocrx_word' id='word_1_53' title='bbox 121 609 258 651; x_wconf 90' lang='lat' dir='ltr'><strong>dictos</strong></span> <span class='ocrx_word' id='word_1_54' title='bbox 285 611 546 651; x_wconf 83' lang='lat' dir='ltr'><strong>mercatores</strong></span> <span class='ocrx_word' id='word_1_55' title='bbox 566 610 666 662; x_wconf 86' lang='lat' dir='ltr'><strong>post</strong></span> <span class='ocrx_word' id='word_1_56' title='bbox 687 608 824 649; x_wconf 85' lang='lat' dir='ltr'><strong>multa</strong></span> <span class='ocrx_word' id='word_1_57' title='bbox 845 607 1155 661; x_wconf 81' lang='lat' dir='ltr'><strong>suppliciorum</strong></span> <span class='ocrx_word' id='word_1_58' title='bbox 1183 620 1340 660; x_wconf 83' lang='lat' dir='ltr'><strong>genera</strong></span> <span class='ocrx_word' id='word_1_59' title='bbox 1367 620 1475 660; x_wconf 88' lang='lat' dir='ltr'><strong>quae</strong></span> 
     </span>
     <span class='ocr_line' id='line_1_10' title="bbox 122 665 1475 723; baseline -0.004 -13"><span class='ocrx_word' id='word_1_60' title='bbox 122 668 175 710; x_wconf 90' lang='lat' dir='ltr'><strong>iis</strong></span> <span class='ocrx_word' id='word_1_61' title='bbox 221 668 384 723; x_wconf 89' lang='lat' dir='ltr'><strong>imponi</strong></span> <span class='ocrx_word' id='word_1_62' title='bbox 433 667 580 722; x_wconf 84' lang='lat' dir='ltr'><strong>iussit,</strong></span> <span class='ocrx_word' id='word_1_63' title='bbox 623 667 801 709; x_wconf 90' lang='lat' dir='ltr'><strong>tandem</strong></span> <span class='ocrx_word' id='word_1_64' title='bbox 847 666 1000 720; x_wconf 87' lang='lat' dir='ltr'><strong>capitis</strong></span> <span class='ocrx_word' id='word_1_65' title='bbox 1045 666 1147 706; x_wconf 86' lang='lat' dir='ltr'><strong>fecit</strong></span> <span class='ocrx_word' id='word_1_66' title='bbox 1191 665 1336 706; x_wconf 91' lang='lat' dir='ltr'><strong>subire</strong></span> <span class='ocrx_word' id='word_1_67' title='bbox 1381 679 1475 705; x_wconf 91' lang='lat' dir='ltr'><strong>sen-</strong></span> 
     </span>
     <span class='ocr_line' id='line_1_11' title="bbox 69 726 806 782; baseline -0.003 -14"><span class='ocrx_word' id='word_1_68' title='bbox 69 740 103 764; x_wconf 87' lang='lat'><strong>10</strong></span> <span class='ocrx_word' id='word_1_69' title='bbox 123 727 306 769; x_wconf 89' lang='lat' dir='ltr'><strong>tentiam</strong></span> <span class='ocrx_word' id='word_1_70' title='bbox 339 731 381 768; x_wconf 89' lang='lat' dir='ltr'><strong>et</strong></span> <span class='ocrx_word' id='word_1_71' title='bbox 412 726 556 782; x_wconf 87' lang='lat' dir='ltr'><strong>gladio</strong></span> <span class='ocrx_word' id='word_1_72' title='bbox 590 726 806 768; x_wconf 89' lang='lat' dir='ltr'><strong>decollari.</strong></span> 
     </span>
    </p>

    <p class='ocr_par' dir='ltr' id='par_1_3' title="bbox 121 779 1546 1015">
     <span class='ocr_line' id='line_1_12' title="bbox 240 779 1546 838; baseline -0.003 -11"><span class='ocrx_word' id='word_1_73' title='bbox 240 785 463 827; x_wconf 88' lang='lat' dir='ltr'><strong>Postremo</strong></span> <span class='ocrx_word' id='word_1_74' title='bbox 485 784 765 827; x_wconf 82' lang='lat' dir='ltr'><strong>Constantius</strong></span> <span class='ocrx_word' id='word_1_75' title='bbox 786 786 1022 838; x_wconf 85' lang='lat' dir='ltr'><strong>imperator</strong></span> <span class='ocrx_word' id='word_1_76' title='bbox 1044 785 1262 837; x_wconf 86' lang='lat' dir='ltr'><strong>comperta</strong></span> <span class='ocrx_word' id='word_1_77' title='bbox 1283 782 1333 824; x_wconf 89' lang='lat' dir='ltr'><strong>de</strong></span> <span class='ocrx_word' id='word_1_78' title='bbox 1353 796 1473 836; x_wconf 88' lang='lat' dir='ltr'><strong>prae·</strong></span> <span class='ocrx_word' id='word_1_79' title='bbox 1489 779 1546 819; x_wconf 76' lang='lat'><strong>42</strong></span> 
     </span>
     <span class='ocr_line' id='line_1_13' title="bbox 123 842 1475 898; baseline -0.003 -12"><span class='ocrx_word' id='word_1_80' title='bbox 123 844 268 886; x_wconf 88' lang='lat' dir='ltr'><strong>missis</strong></span> <span class='ocrx_word' id='word_1_81' title='bbox 296 845 476 886; x_wconf 85' lang='lat' dir='ltr'><strong>veritate</strong></span> <span class='ocrx_word' id='word_1_82' title='bbox 503 859 553 886; x_wconf 85' lang='lat' dir='ltr'><strong>ac</strong></span> <span class='ocrx_word' id='word_1_83' title='bbox 578 845 766 897; x_wconf 77' lang='lat' dir='ltr'><strong>inventa,</strong></span> <span class='ocrx_word' id='word_1_84' title='bbox 793 844 906 898; x_wconf 90' lang='lat' dir='ltr'><strong>quod</strong></span> <span class='ocrx_word' id='word_1_85' title='bbox 930 843 1073 884; x_wconf 90' lang='lat' dir='ltr'><strong>omnia</strong></span> <span class='ocrx_word' id='word_1_86' title='bbox 1095 845 1136 883; x_wconf 92' lang='lat' dir='ltr'><strong>et</strong></span> <span class='ocrx_word' id='word_1_87' title='bbox 1157 842 1339 896; x_wconf 74' lang='lat' dir='ltr'><strong>singula,</strong></span> <span class='ocrx_word' id='word_1_88' title='bbox 1366 856 1475 895; x_wconf 83' lang='lat' dir='ltr'><strong>quae</strong></span> 
     </span>
     <span class='ocr_line' id='line_1_14' title="bbox 121 901 1474 954; baseline -0.003 -9"><span class='ocrx_word' id='word_1_89' title='bbox 121 902 289 945; x_wconf 87' lang='lat' dir='ltr'><strong>Helena</strong></span> <span class='ocrx_word' id='word_1_90' title='bbox 315 906 358 945; x_wconf 91' lang='lat' dir='ltr'><strong>et</strong></span> <span class='ocrx_word' id='word_1_91' title='bbox 386 902 699 945; x_wconf 86' lang='lat' dir='ltr'><strong>Constantinus</strong></span> <span class='ocrx_word' id='word_1_92' title='bbox 729 903 817 944; x_wconf 87' lang='lat' dir='ltr'><strong>eius</strong></span> <span class='ocrx_word' id='word_1_93' title='bbox 846 902 960 943; x_wconf 89' lang='lat' dir='ltr'><strong>filius</strong></span> <span class='ocrx_word' id='word_1_94' title='bbox 987 902 1037 943; x_wconf 87' lang='lat' dir='ltr'><strong>de</strong></span> <span class='ocrx_word' id='word_1_95' title='bbox 1059 916 1103 943; x_wconf 92' lang='lat' dir='ltr'><strong>se</strong></span> <span class='ocrx_word' id='word_1_96' title='bbox 1132 904 1174 942; x_wconf 89' lang='lat' dir='ltr'><strong>et</strong></span> <span class='ocrx_word' id='word_1_97' title='bbox 1200 901 1474 954; x_wconf 82' lang='lat' dir='ltr'><strong>imperatoris</strong></span> 
     </span>
     <span class='ocr_line' id='line_1_15' title="bbox 123 959 1476 1015; baseline -0.003 -12"><span class='ocrx_word' id='word_1_98' title='bbox 123 961 386 1004; x_wconf 80' lang='lat' dir='ltr'><strong>Graecorum</strong></span> <span class='ocrx_word' id='word_1_99' title='bbox 423 962 515 1004; x_wconf 88' lang='lat' dir='ltr'><strong>filia</strong></span> <span class='ocrx_word' id='word_1_100' title='bbox 547 962 819 1015; x_wconf 80' lang='lat' dir='ltr'><strong>rettulerant,</strong></span> <span class='ocrx_word' id='word_1_101' title='bbox 857 976 961 1002; x_wconf 82' lang='lat' dir='ltr'><strong>vera</strong></span> <span class='ocrx_word' id='word_1_102' title='bbox 994 963 1139 1002; x_wconf 84' lang='lat' dir='ltr'><strong>essent</strong></span> <span class='ocrx_word' id='word_1_103' title='bbox 1171 960 1222 1001; x_wconf 89' lang='lat' dir='ltr'><strong>de</strong></span> <span class='ocrx_word' id='word_1_104' title='bbox 1253 960 1389 1013; x_wconf 91' lang='lat' dir='ltr'><strong>iisque</strong></span> <span class='ocrx_word' id='word_1_105' title='bbox 1422 959 1476 1000; x_wconf 90' lang='lat' dir='ltr'><strong>ad</strong></span> 
     </span>
    </p>

    <p class='ocr_par' dir='ltr' id='par_1_4' title="bbox 70 1019 1479 1309">
     <span class='ocr_line' id='line_1_16' title="bbox 70 1019 1475 1075; baseline 0.001 -17"><span class='ocrx_word' id='word_1_106' title='bbox 70 1033 103 1058; x_wconf 82' lang='lat'><strong>15</strong></span> <span class='ocrx_word' id='word_1_107' title='bbox 123 1021 299 1075; x_wconf 77' lang='lat' dir='ltr'><strong>plenum</strong></span> <span class='ocrx_word' id='word_1_108' title='bbox 332 1021 606 1074; x_wconf 83' lang='lat' dir='ltr'><strong>certificatus,</strong></span> <span class='ocrx_word' id='word_1_109' title='bbox 638 1020 758 1062; x_wconf 85' lang='lat' dir='ltr'><strong>misit</strong></span> <span class='ocrx_word' id='word_1_110' title='bbox 791 1020 1044 1073; x_wconf 84' lang='lat' dir='ltr'><strong>solationes‚</strong></span> <span class='ocrx_word' id='word_1_111' title='bbox 1083 1034 1182 1060; x_wconf 90' lang='lat' dir='ltr'><strong>suos</strong></span> <span class='ocrx_word' id='word_1_112' title='bbox 1215 1019 1399 1073; x_wconf 79' lang='lat' dir='ltr'><strong>legatos,</strong></span> <span class='ocrx_word' id='word_1_113' title='bbox 1433 1020 1475 1059; x_wconf 91' lang='lat' dir='ltr'><strong>et</strong></span> 
     </span>
     <span class='ocr_line' id='line_1_17' title="bbox 121 1077 1475 1133; baseline -0.003 -12"><span class='ocrx_word' id='word_1_114' title='bbox 121 1079 299 1121; x_wconf 89' lang='lat' dir='ltr'><strong>nuntios</strong></span> <span class='ocrx_word' id='word_1_115' title='bbox 339 1080 392 1121; x_wconf 87' lang='lat' dir='ltr'><strong>ad</strong></span> <span class='ocrx_word' id='word_1_116' title='bbox 431 1079 654 1121; x_wconf 85' lang='lat' dir='ltr'><strong>Graeciam</strong></span> <span class='ocrx_word' id='word_1_117' title='bbox 694 1094 742 1121; x_wconf 87' lang='lat' dir='ltr'><strong>ac</strong></span> <span class='ocrx_word' id='word_1_118' title='bbox 779 1079 1032 1133; x_wconf 88' lang='lat' dir='ltr'><strong>imperatori</strong></span> <span class='ocrx_word' id='word_1_119' title='bbox 1075 1077 1334 1119; x_wconf 84' lang='lat' dir='ltr'><strong>Graecorum</strong></span> <span class='ocrx_word' id='word_1_120' title='bbox 1372 1077 1475 1118; x_wconf 86' lang='lat' dir='ltr'><strong>fecit</strong></span> 
     </span>
     <span class='ocr_line' id='line_1_18' title="bbox 122 1137 1474 1191; baseline -0.002 -12"><span class='ocrx_word' id='word_1_121' title='bbox 122 1140 262 1180; x_wconf 89' lang='lat' dir='ltr'><strong>totam</strong></span> <span class='ocrx_word' id='word_1_122' title='bbox 290 1139 354 1180; x_wconf 90' lang='lat' dir='ltr'><strong>rei</strong></span> <span class='ocrx_word' id='word_1_123' title='bbox 381 1139 536 1181; x_wconf 91' lang='lat' dir='ltr'><strong>seriem</strong></span> <span class='ocrx_word' id='word_1_124' title='bbox 562 1139 762 1180; x_wconf 88' lang='lat' dir='ltr'><strong>nuntiare</strong></span> <span class='ocrx_word' id='word_1_125' title='bbox 792 1138 1010 1190; x_wconf 84' lang='lat' dir='ltr'><strong>videlicet,</strong></span> <span class='ocrx_word' id='word_1_126' title='bbox 1043 1137 1229 1191; x_wconf 84' lang='lat' dir='ltr'><strong>qualiter</strong></span> <span class='ocrx_word' id='word_1_127' title='bbox 1255 1137 1337 1177; x_wconf 90' lang='lat' dir='ltr'><strong>duo</strong></span> <span class='ocrx_word' id='word_1_128' title='bbox 1365 1151 1474 1177; x_wconf 90' lang='lat' dir='ltr'><strong>mer-</strong></span> 
     </span>
     <span class='ocr_line' id='line_1_19' title="bbox 123 1195 1477 1251; baseline -0.002 -13"><span class='ocrx_word' id='word_1_129' title='bbox 123 1199 291 1239; x_wconf 85' lang='lat' dir='ltr'><strong>catores</strong></span> <span class='ocrx_word' id='word_1_130' title='bbox 329 1198 540 1251; x_wconf 87' lang='lat' dir='ltr'><strong>praedicti</strong></span> <span class='ocrx_word' id='word_1_131' title='bbox 578 1196 912 1239; x_wconf 87' lang='lat' dir='ltr'><strong>Coustantinum</strong></span> <span class='ocrx_word' id='word_1_132' title='bbox 951 1197 1004 1238; x_wconf 86' lang='lat' dir='ltr'><strong>ad</strong></span> <span class='ocrx_word' id='word_1_133' title='bbox 1043 1211 1139 1238; x_wconf 90' lang='lat' dir='ltr'><strong>eum</strong></span> <span class='ocrx_word' id='word_1_134' title='bbox 1183 1195 1477 1237; x_wconf 85' lang='lat' dir='ltr'><strong>fraudulenter</strong></span> 
     </span>
     <span class='ocr_line' id='line_1_20' title="bbox 125 1255 1479 1309; baseline -0.001 -12"><span class='ocrx_word' id='word_1_135' title='bbox 125 1256 411 1309; x_wconf 85' lang='lat' dir='ltr'><strong>perduxerant</strong></span> <span class='ocrx_word' id='word_1_136' title='bbox 448 1271 496 1297; x_wconf 87' lang='lat' dir='ltr'><strong>ac</strong></span> <span class='ocrx_word' id='word_1_137' title='bbox 534 1256 669 1297; x_wconf 89' lang='lat' dir='ltr'><strong>filiam</strong></span> <span class='ocrx_word' id='word_1_138' title='bbox 708 1271 830 1297; x_wconf 84' lang='lat' dir='ltr'><strong>suam</strong></span> <span class='ocrx_word' id='word_1_139' title='bbox 870 1270 937 1309; x_wconf 83' lang='lat' dir='ltr'><strong>eo,</strong></span> <span class='ocrx_word' id='word_1_140' title='bbox 978 1255 1090 1309; x_wconf 88' lang='lat' dir='ltr'><strong>quod</strong></span> <span class='ocrx_word' id='word_1_141' title='bbox 1129 1255 1213 1308; x_wconf 91' lang='lat' dir='ltr'><strong>ipsi</strong></span> <span class='ocrx_word' id='word_1_142' title='bbox 1253 1255 1369 1296; x_wconf 88' lang='lat' dir='ltr'><strong>facta</strong></span> <span class='ocrx_word' id='word_1_143' title='bbox 1402 1269 1479 1295; x_wconf 86' lang='lat' dir='ltr'><strong>sua</strong></span> 
     </span>
    </p>

    <p class='ocr_par' dir='ltr' id='par_1_5' title="bbox 70 1313 1481 1604">
     <span class='ocr_line' id='line_1_21' title="bbox 70 1313 1480 1368; baseline 0.001 -16"><span class='ocrx_word' id='word_1_144' title='bbox 70 1327 106 1352; x_wconf 81' lang='lat'><strong>20</strong></span> <span class='ocrx_word' id='word_1_145' title='bbox 125 1317 168 1355; x_wconf 91' lang='lat' dir='ltr'><strong>et</strong></span> <span class='ocrx_word' id='word_1_146' title='bbox 205 1314 444 1356; x_wconf 87' lang='lat' dir='ltr'><strong>utilitatem</strong></span> <span class='ocrx_word' id='word_1_147' title='bbox 481 1315 527 1356; x_wconf 88' lang='lat' dir='ltr'><strong>in</strong></span> <span class='ocrx_word' id='word_1_148' title='bbox 564 1314 815 1368; x_wconf 86' lang='lat' dir='ltr'><strong>praemissis</strong></span> <span class='ocrx_word' id='word_1_149' title='bbox 848 1317 891 1355; x_wconf 88' lang='lat' dir='ltr'><strong>et</strong></span> <span class='ocrx_word' id='word_1_150' title='bbox 924 1314 1036 1355; x_wconf 88' lang='lat' dir='ltr'><strong>circa</strong></span> <span class='ocrx_word' id='word_1_151' title='bbox 1068 1329 1118 1355; x_wconf 85' lang='lat' dir='ltr'><strong>ea</strong></span> <span class='ocrx_word' id='word_1_152' title='bbox 1147 1313 1358 1367; x_wconf 76' lang='lat' dir='ltr'><strong>facerent,</strong></span> <span class='ocrx_word' id='word_1_153' title='bbox 1398 1314 1480 1354; x_wconf 89' lang='lat' dir='ltr'><strong>cal-</strong></span> 
     </span>
     <span class='ocr_line' id='line_1_22' title="bbox 123 1373 1479 1427; baseline -0.001 -13"><span class='ocrx_word' id='word_1_154' title='bbox 123 1373 208 1414; x_wconf 87' lang='lat' dir='ltr'><strong>lide</strong></span> <span class='ocrx_word' id='word_1_155' title='bbox 259 1373 345 1415; x_wconf 92' lang='lat' dir='ltr'><strong>sibi</strong></span> <span class='ocrx_word' id='word_1_156' title='bbox 393 1374 439 1415; x_wconf 93' lang='lat' dir='ltr'><strong>in</strong></span> <span class='ocrx_word' id='word_1_157' title='bbox 481 1388 659 1415; x_wconf 80' lang='lat' dir='ltr'><strong>uxorem</strong></span> <span class='ocrx_word' id='word_1_158' title='bbox 710 1373 903 1427; x_wconf 86' lang='lat' dir='ltr'><strong>copulari</strong></span> <span class='ocrx_word' id='word_1_159' title='bbox 946 1373 1158 1426; x_wconf 79' lang='lat' dir='ltr'><strong>fecerant,</strong></span> <span class='ocrx_word' id='word_1_160' title='bbox 1209 1373 1479 1426; x_wconf 87' lang='lat' dir='ltr'><strong>qualiterque</strong></span> 
     </span>
     <span class='ocr_line' id='line_1_23' title="bbox 124 1431 1479 1486; baseline -0.001 -13"><span class='ocrx_word' id='word_1_161' title='bbox 124 1432 243 1486; x_wconf 85' lang='lat' dir='ltr'><strong>ipsos</strong></span> <span class='ocrx_word' id='word_1_162' title='bbox 289 1432 342 1473; x_wconf 88' lang='lat' dir='ltr'><strong>ad</strong></span> <span class='ocrx_word' id='word_1_163' title='bbox 387 1432 603 1486; x_wconf 90' lang='lat' dir='ltr'><strong>quandam</strong></span> <span class='ocrx_word' id='word_1_164' title='bbox 647 1433 854 1485; x_wconf 87' lang='lat' dir='ltr'><strong>insulam,</strong></span> <span class='ocrx_word' id='word_1_165' title='bbox 899 1434 947 1473; x_wconf 92' lang='lat' dir='ltr'><strong>ut</strong></span> <span class='ocrx_word' id='word_1_166' title='bbox 984 1432 1146 1473; x_wconf 89' lang='lat' dir='ltr'><strong>ibidem</strong></span> <span class='ocrx_word' id='word_1_167' title='bbox 1190 1432 1303 1472; x_wconf 88' lang='lat' dir='ltr'><strong>fame</strong></span> <span class='ocrx_word' id='word_1_168' title='bbox 1346 1431 1479 1472; x_wconf 87' lang='lat' dir='ltr'><strong>inter-</strong></span> 
     </span>
     <span class='ocr_line' id='line_1_24' title="bbox 124 1490 1481 1544; baseline 0 -13"><span class='ocrx_word' id='word_1_169' title='bbox 124 1490 320 1544; x_wconf 80' lang='lat' dir='ltr'><strong>ficerent,</strong></span> <span class='ocrx_word' id='word_1_170' title='bbox 351 1491 640 1544; x_wconf 88' lang='lat' dir='ltr'><strong>perduxerant</strong></span> <span class='ocrx_word' id='word_1_171' title='bbox 674 1506 722 1532; x_wconf 89' lang='lat' dir='ltr'><strong>ac</strong></span> <span class='ocrx_word' id='word_1_172' title='bbox 751 1491 802 1531; x_wconf 88' lang='lat' dir='ltr'><strong>iis</strong></span> <span class='ocrx_word' id='word_1_173' title='bbox 830 1491 892 1532; x_wconf 91' lang='lat' dir='ltr'><strong>ibi</strong></span> <span class='ocrx_word' id='word_1_174' title='bbox 918 1491 1079 1533; x_wconf 87' lang='lat' dir='ltr'><strong>relictis</strong></span> <span class='ocrx_word' id='word_1_175' title='bbox 1107 1490 1289 1531; x_wconf 85' lang='lat' dir='ltr'><strong>Romam</strong></span> <span class='ocrx_word' id='word_1_176' title='bbox 1318 1490 1481 1532; x_wconf 83' lang='lat' dir='ltr'><strong>reversi</strong></span> 
     </span>
     <span class='ocr_line' id='line_1_25' title="bbox 124 1549 1479 1604; baseline 0 -14"><span class='ocrx_word' id='word_1_177' title='bbox 124 1549 298 1591; x_wconf 89' lang='lat' dir='ltr'><strong>fuerant</strong></span> <span class='ocrx_word' id='word_1_178' title='bbox 330 1552 374 1591; x_wconf 90' lang='lat' dir='ltr'><strong>et</strong></span> <span class='ocrx_word' id='word_1_179' title='bbox 406 1550 591 1604; x_wconf 89' lang='lat' dir='ltr'><strong>qualiter</strong></span> <span class='ocrx_word' id='word_1_180' title='bbox 624 1550 796 1604; x_wconf 90' lang='lat' dir='ltr'><strong>quidam</strong></span> <span class='ocrx_word' id='word_1_181' title='bbox 828 1550 931 1591; x_wconf 91' lang='lat' dir='ltr'><strong>boni</strong></span> <span class='ocrx_word' id='word_1_182' title='bbox 969 1549 1164 1591; x_wconf 87' lang='lat' dir='ltr'><strong>homines</strong></span> <span class='ocrx_word' id='word_1_183' title='bbox 1197 1564 1284 1590; x_wconf 91' lang='lat' dir='ltr'><strong>non</strong></span> <span class='ocrx_word' id='word_1_184' title='bbox 1317 1549 1479 1604; x_wconf 90' lang='lat' dir='ltr'><strong>absque</strong></span> 
     </span>
    </p>

    <p class='ocr_par' dir='ltr' id='par_1_6' title="bbox 72 1608 1481 1898">
     <span class='ocr_line' id='line_1_26' title="bbox 72 1608 1479 1662; baseline 0.001 -15"><span class='ocrx_word' id='word_1_185' title='bbox 72 1619 106 1645; x_wconf 75' lang='lat'><strong>25</strong></span> <span class='ocrx_word' id='word_1_186' title='bbox 126 1610 234 1649; x_wconf 90' lang='lat' dir='ltr'><strong>nutu</strong></span> <span class='ocrx_word' id='word_1_187' title='bbox 271 1609 447 1650; x_wconf 88' lang='lat' dir='ltr'><strong>deorum</strong></span> <span class='ocrx_word' id='word_1_188' title='bbox 486 1609 737 1650; x_wconf 89' lang='lat' dir='ltr'><strong>sublimium</strong></span> <span class='ocrx_word' id='word_1_189' title='bbox 775 1623 904 1662; x_wconf 88' lang='lat' dir='ltr'><strong>penes</strong></span> <span class='ocrx_word' id='word_1_190' title='bbox 946 1609 1084 1662; x_wconf 91' lang='lat' dir='ltr'><strong>ipsam</strong></span> <span class='ocrx_word' id='word_1_191' title='bbox 1128 1608 1317 1649; x_wconf 86' lang='lat' dir='ltr'><strong>insulam</strong></span> <span class='ocrx_word' id='word_1_192' title='bbox 1360 1608 1479 1650; x_wconf 85' lang='lat' dir='ltr'><strong>navi-</strong></span> 
     </span>
     <span class='ocr_line' id='line_1_27' title="bbox 127 1667 1481 1722; baseline 0.001 -15"><span class='ocrx_word' id='word_1_193' title='bbox 127 1669 279 1720; x_wconf 80' lang='lat' dir='ltr'><strong>gantes</strong></span> <span class='ocrx_word' id='word_1_194' title='bbox 311 1667 514 1722; x_wconf 90' lang='lat' dir='ltr'><strong>ipsosque</strong></span> <span class='ocrx_word' id='word_1_195' title='bbox 542 1683 669 1721; x_wconf 88' lang='lat' dir='ltr'><strong>super</strong></span> <span class='ocrx_word' id='word_1_196' title='bbox 697 1683 768 1709; x_wconf 86' lang='lat' dir='ltr'><strong>eos</strong></span> <span class='ocrx_word' id='word_1_197' title='bbox 795 1668 1031 1709; x_wconf 89' lang='lat' dir='ltr'><strong>clamantes</strong></span> <span class='ocrx_word' id='word_1_198' title='bbox 1064 1668 1320 1709; x_wconf 87' lang='lat' dir='ltr'><strong>invenerunt</strong></span> <span class='ocrx_word' id='word_1_199' title='bbox 1352 1670 1395 1708; x_wconf 90' lang='lat' dir='ltr'><strong>et</strong></span> <span class='ocrx_word' id='word_1_200' title='bbox 1427 1667 1481 1708; x_wconf 89' lang='lat' dir='ltr'><strong>ad</strong></span> 
     </span>
     <span class='ocr_line' id='line_1_28' title="bbox 125 1725 1479 1780; baseline 0.001 -14"><span class='ocrx_word' id='word_1_201' title='bbox 125 1725 310 1766; x_wconf 84' lang='lat' dir='ltr'><strong>Romam</strong></span> <span class='ocrx_word' id='word_1_202' title='bbox 347 1726 655 1779; x_wconf 82' lang='lat' dir='ltr'><strong>perduxerunt,</strong></span> <span class='ocrx_word' id='word_1_203' title='bbox 694 1726 880 1780; x_wconf 87' lang='lat' dir='ltr'><strong>qualiter</strong></span> <span class='ocrx_word' id='word_1_204' title='bbox 919 1727 1050 1768; x_wconf 83' lang='lat' dir='ltr'><strong>etiam</strong></span> <span class='ocrx_word' id='word_1_205' title='bbox 1089 1726 1140 1767; x_wconf 90' lang='lat' dir='ltr'><strong>de</strong></span> <span class='ocrx_word' id='word_1_206' title='bbox 1178 1726 1245 1767; x_wconf 89' lang='lat' dir='ltr'><strong>his</strong></span> <span class='ocrx_word' id='word_1_207' title='bbox 1279 1726 1479 1768; x_wconf 88' lang='lat' dir='ltr'><strong>omnibus</strong></span> 
     </span>
     <span class='ocr_line' id='line_1_29' title="bbox 128 1784 1480 1839; baseline 0.001 -15"><span class='ocrx_word' id='word_1_208' title='bbox 128 1784 234 1825; x_wconf 88' lang='lat' dir='ltr'><strong>satis</strong></span> <span class='ocrx_word' id='word_1_209' title='bbox 267 1784 523 1826; x_wconf 89' lang='lat' dir='ltr'><strong>miraculose</strong></span> <span class='ocrx_word' id='word_1_210' title='bbox 555 1785 715 1839; x_wconf 89' lang='lat' dir='ltr'><strong>reperit</strong></span> <span class='ocrx_word' id='word_1_211' title='bbox 741 1786 971 1826; x_wconf 79' lang='lat' dir='ltr'><strong>veritatem</strong></span> <span class='ocrx_word' id='word_1_212' title='bbox 998 1785 1205 1839; x_wconf 85' lang='lat' dir='ltr'><strong>dictisque</strong></span> <span class='ocrx_word' id='word_1_213' title='bbox 1231 1785 1480 1826; x_wconf 89' lang='lat' dir='ltr'><strong>mercatori-</strong></span> 
     </span>
     <span class='ocr_line' id='line_1_30' title="bbox 127 1842 1478 1898; baseline 0.001 -15"><span class='ocrx_word' id='word_1_214' title='bbox 127 1842 220 1897; x_wconf 87' lang='lat' dir='ltr'><strong>bus,</strong></span> <span class='ocrx_word' id='word_1_215' title='bbox 247 1843 358 1884; x_wconf 89' lang='lat' dir='ltr'><strong>sicut</strong></span> <span class='ocrx_word' id='word_1_216' title='bbox 377 1844 488 1885; x_wconf 89' lang='lat' dir='ltr'><strong>male</strong></span> <span class='ocrx_word' id='word_1_217' title='bbox 509 1847 699 1898; x_wconf 80' lang='lat' dir='ltr'><strong>egerant,</strong></span> <span class='ocrx_word' id='word_1_218' title='bbox 725 1859 802 1897; x_wconf 87' lang='lat' dir='ltr'><strong>per</strong></span> <span class='ocrx_word' id='word_1_219' title='bbox 828 1844 1087 1885; x_wconf 88' lang='lat' dir='ltr'><strong>sententiam</strong></span> <span class='ocrx_word' id='word_1_220' title='bbox 1108 1844 1478 1885; x_wconf 88' lang='lat' dir='ltr'><strong>condemnationis</strong></span> 
     </span>
    </p>

    <p class='ocr_par' dir='ltr' id='par_1_7' title="bbox 74 1901 1117 1957">
     <span class='ocr_line' id='line_1_31' title="bbox 74 1901 1117 1957; baseline 0.002 -16"><span class='ocrx_word' id='word_1_221' title='bbox 74 1913 109 1938; x_wconf 83' lang='lat'><strong>30</strong></span> <span class='ocrx_word' id='word_1_222' title='bbox 129 1901 278 1942; x_wconf 90' lang='lat' dir='ltr'><strong>inferri</strong></span> <span class='ocrx_word' id='word_1_223' title='bbox 309 1901 474 1944; x_wconf 85' lang='lat' dir='ltr'><strong>fecerat</strong></span> <span class='ocrx_word' id='word_1_224' title='bbox 507 1903 767 1957; x_wconf 89' lang='lat' dir='ltr'><strong>supplicium</strong></span> <span class='ocrx_word' id='word_1_225' title='bbox 801 1903 918 1944; x_wconf 87' lang='lat' dir='ltr'><strong>dirae</strong></span> <span class='ocrx_word' id='word_1_226' title='bbox 951 1903 1117 1944; x_wconf 87' lang='lat' dir='ltr'><strong>mortis.</strong></span> 
     </span>
    </p>
   </div>
   <div class='ocr_carea' id='block_1_3' title="bbox 127 2029 1481 2120">
    <p class='ocr_par' dir='ltr' id='par_1_8' title="bbox 127 2029 1481 2120">
     <span class='ocr_line' id='line_1_32' title="bbox 223 2029 1478 2074; baseline 0.001 -10"><span class='ocrx_word' id='word_1_227' title='bbox 223 2034 242 2065; x_wconf 88' lang='grc'>6</span> <span class='ocrx_word' id='word_1_228' title='bbox 269 2030 344 2064; x_wconf 88' lang='lat' dir='ltr'><strong>und</strong></span> <span class='ocrx_word' id='word_1_229' title='bbox 370 2034 389 2065; x_wconf 84' lang='lat'><strong>7</strong></span> <span class='ocrx_word' id='word_1_230' title='bbox 422 2030 538 2065; x_wconf 77' lang='lat' dir='ltr'><strong>Verba</strong></span> <span class='ocrx_word' id='word_1_231' title='bbox 564 2029 875 2074; x_wconf 88' lang='lat' dir='ltr'><strong>quemadmodum</strong></span> <span class='ocrx_word' id='word_1_232' title='bbox 901 2051 944 2055; x_wconf 97' lang='lat'>—</span> <span class='ocrx_word' id='word_1_233' title='bbox 971 2030 1211 2065; x_wconf 85' lang='lat' dir='ltr'><strong>rettullerant</strong></span> <span class='ocrx_word' id='word_1_234' title='bbox 1236 2041 1301 2065; x_wconf 85' lang='lat' dir='ltr'><strong>om.</strong></span> <span class='ocrx_word' id='word_1_235' title='bbox 1330 2030 1376 2064; x_wconf 81' lang='lat' dir='ltr'><strong>F.</strong></span> <span class='ocrx_word' id='word_1_236' title='bbox 1460 2035 1478 2065; x_wconf 81' lang='lat'><strong>7</strong></span> 
     </span>
     <span class='ocr_line' id='line_1_33' title="bbox 127 2076 1481 2120; baseline 0.002 -11"><span class='ocrx_word' id='word_1_237' title='bbox 127 2076 332 2111; x_wconf 88' lang='lat' dir='ltr'><strong>retulerant</strong></span> <span class='ocrx_word' id='word_1_238' title='bbox 351 2079 426 2112; x_wconf 84' lang='lat' dir='ltr'><strong>eod.</strong></span> <span class='ocrx_word' id='word_1_239' title='bbox 446 2078 495 2112; x_wconf 88' lang='lat' dir='ltr'><strong>D.</strong></span> <span class='ocrx_word' id='word_1_240' title='bbox 596 2082 640 2112; x_wconf 82' lang='lat'><strong>14</strong></span> <span class='ocrx_word' id='word_1_241' title='bbox 659 2077 865 2111; x_wconf 84' lang='lat' dir='ltr'><strong>retulerant</strong></span> <span class='ocrx_word' id='word_1_242' title='bbox 885 2079 984 2112; x_wconf 80' lang='lat' dir='ltr'><strong>codd.</strong></span> <span class='ocrx_word' id='word_1_243' title='bbox 1074 2081 1117 2112; x_wconf 85' lang='lat'><strong>15</strong></span> <span class='ocrx_word' id='word_1_244' title='bbox 1140 2077 1342 2112; x_wconf 82' lang='lat' dir='ltr'><strong>solationes</strong></span> <span class='ocrx_word' id='word_1_245' title='bbox 1366 2078 1481 2120; x_wconf 59' lang='lat' dir='ltr'><strong>codd„</strong></span> 
     </span>
    </p>
   </div>
   <div class='ocr_carea' id='block_1_4' title="bbox 128 2124 1481 2264">
    <p class='ocr_par' dir='ltr' id='par_1_9' title="bbox 128 2124 1481 2264">
     <span class='ocr_line' id='line_1_34' title="bbox 128 2124 1480 2169; baseline 0 -11"><span class='ocrx_word' id='word_1_246' title='bbox 128 2125 280 2166; x_wconf 76' lang='lat' dir='ltr'><strong>fortasse</strong></span> <span class='ocrx_word' id='word_1_247' title='bbox 306 2128 514 2169; x_wconf 75' lang='lat' dir='ltr'><strong>corruptum</strong></span> <span class='ocrx_word' id='word_1_248' title='bbox 540 2128 599 2159; x_wconf 80' lang='lat' dir='ltr'><strong>est.</strong></span> <span class='ocrx_word' id='word_1_249' title='bbox 719 2129 760 2159; x_wconf 84' lang='grc'><strong>16</strong></span> <span class='ocrx_word' id='word_1_250' title='bbox 787 2124 964 2159; x_wconf 87' lang='lat' dir='ltr'><strong>nunccios</strong></span> <span class='ocrx_word' id='word_1_251' title='bbox 995 2126 1094 2160; x_wconf 78' lang='lat' dir='ltr'><strong>codd.</strong></span> <span class='ocrx_word' id='word_1_252' title='bbox 1213 2129 1254 2159; x_wconf 84' lang='lat'><strong>17</strong></span> <span class='ocrx_word' id='word_1_253' title='bbox 1282 2124 1480 2159; x_wconf 85' lang='lat' dir='ltr'><strong>nuncciare</strong></span> 
     </span>
     <span class='ocr_line' id='line_1_35' title="bbox 128 2171 1481 2213; baseline 0.001 -8"><span class='ocrx_word' id='word_1_254' title='bbox 128 2172 229 2205; x_wconf 80' lang='lat' dir='ltr'><strong>codd.</strong></span> <span class='ocrx_word' id='word_1_255' title='bbox 328 2175 372 2206; x_wconf 80' lang='lat'><strong>28</strong></span> <span class='ocrx_word' id='word_1_256' title='bbox 398 2171 619 2206; x_wconf 84' lang='lat' dir='ltr'><strong>miraculose</strong></span> <span class='ocrx_word' id='word_1_257' title='bbox 648 2182 685 2206; x_wconf 90' lang='lat' dir='ltr'><strong>se</strong></span> <span class='ocrx_word' id='word_1_258' title='bbox 713 2173 826 2213; x_wconf 66' lang='lat' dir='ltr'><strong>codd„</strong></span> <span class='ocrx_word' id='word_1_259' title='bbox 853 2173 1005 2207; x_wconf 71' lang='lat' dir='ltr'><strong>alterum</strong></span> <span class='ocrx_word' id='word_1_260' title='bbox 1032 2183 1070 2206; x_wconf 90' lang='lat' dir='ltr'><strong>se</strong></span> <span class='ocrx_word' id='word_1_261' title='bbox 1097 2173 1218 2207; x_wconf 76' lang='lat' dir='ltr'><strong>delevi.</strong></span> <span class='ocrx_word' id='word_1_262' title='bbox 1324 2176 1368 2206; x_wconf 73' lang='lat'><strong>‘29</strong></span> <span class='ocrx_word' id='word_1_263' title='bbox 1397 2182 1481 2206; x_wconf 86' lang='lat' dir='ltr'><strong>con-</strong></span> 
     </span>
     <span class='ocr_line' id='line_1_36' title="bbox 130 2216 1481 2264; baseline 0.001 -14"><span class='ocrx_word' id='word_1_264' title='bbox 130 2216 405 2262; x_wconf 85' lang='lat' dir='ltr'><strong>dempnationis</strong></span> <span class='ocrx_word' id='word_1_265' title='bbox 432 2220 531 2253; x_wconf 78' lang='lat' dir='ltr'><strong>codd.</strong></span> <span class='ocrx_word' id='word_1_266' title='bbox 649 2223 693 2253; x_wconf 90' lang='lat'><strong>30</strong></span> <span class='ocrx_word' id='word_1_267' title='bbox 721 2218 946 2263; x_wconf 84' lang='lat' dir='ltr'><strong>supplicium</strong></span> <span class='ocrx_word' id='word_1_268' title='bbox 973 2218 1084 2264; x_wconf 84' lang='lat' dir='ltr'><strong>digne</strong></span> <span class='ocrx_word' id='word_1_269' title='bbox 1110 2218 1241 2254; x_wconf 88' lang='lat' dir='ltr'><strong>mortis</strong></span> <span class='ocrx_word' id='word_1_270' title='bbox 1268 2219 1322 2261; x_wconf 76' lang='lat' dir='ltr'><strong>D7</strong></span> <span class='ocrx_word' id='word_1_271' title='bbox 1349 2218 1481 2252; x_wconf 83' lang='lat' dir='ltr'><strong>mortis</strong></span> 
     </span>
    </p>
   </div>
   <div class='ocr_carea' id='block_1_5' title="bbox 131 2263 531 2309">
    <p class='ocr_par' dir='ltr' id='par_1_10' title="bbox 131 2263 531 2309">
     <span class='ocr_line' id='line_1_37' title="bbox 131 2263 531 2309; baseline 0 -11"><span class='ocrx_word' id='word_1_272' title='bbox 131 2263 208 2299; x_wconf 84' lang='lat' dir='ltr'><strong>dire</strong></span> <span class='ocrx_word' id='word_1_273' title='bbox 235 2263 460 2309; x_wconf 88' lang='lat' dir='ltr'><strong>supplicium</strong></span> <span class='ocrx_word' id='word_1_274' title='bbox 486 2265 531 2299; x_wconf 87' lang='lat' dir='ltr'><strong>F.</strong></span> 
     </span>
    </p>
   </div>
  </div>
 </body>
</html>
