1583 2552
678 141 964 182 -16-

146 247 193 287 111
235 245 377 287 insula
421 245 700 300 dormientes3
744 245 827 300 ipsi
871 261 950 288 nos
993 260 1079 287 una
1123 260 1218 287 cum
1262 245 1314 287 iis
1362 259 1493 287 naves

146 306 333 346 intrasse
364 303 548 345 fortasse
581 304 800 346 credentes
826 306 953 347 nobis
985 304 1055 346 hic
1087 304 1400 346 dormientibus
1431 319 1494 345 re-

146 363 257 405 lictis
289 362 584 404 recesserunt’.

75 418 133 460 25
264 421 330 463 Ι)6
373 421 563 463 tentorio
608 436 793 476 quoque,
836 423 881 463 in
926 437 1009 476 quo
1054 423 1135 476 ipsi
1180 423 1382 477 coniuges
1420 436 1497 476 per

147 483 320 523 noctem
363 480 643 532 dormierant,
689 495 737 522 ac
781 495 927 521 eorum
971 481 1179 522 universis
1223 481 1498 522 lectisterniis
1518 495 1534 520 5

151 540 313 594 capetis
353 541 396 580 et
434 539 715 593 apparatibus
753 539 955 593 pretiosis
996 542 1038 580 et
1074 539 1293 581 nobilibus
1334 540 1500 581 nullam

149 599 323 653 penitus
356 598 617 639 mentionem
642 598 780 639 facere
808 598 901 639 ausi
926 598 1098 639 fuerunt
1129 598 1344 652 timentes,
1375 598 1500 652 quod,

151 658 188 698 si
220 656 418 698 homines
450 656 515 697 illi
546 671 613 697 res
645 656 892 698 huiusmodi
924 662 967 698 et
999 671 1147 698 earum
1184 657 1500 710 pretiositatem

149 716 364 767 viderent,
414 729 504 756 rem
549 715 612 757 ita
655 730 748 757 esse
792 716 903 757 sicut
947 715 1206 757 rettulerant
1254 716 1500 757 nullatenus

151 774 448 816 existimantes
482 774 531 815 de
566 774 618 815 iis
652 774 835 816 fortasse
861 775 989 816 aliter
1015 775 1207 816 facerent
1233 789 1363 828 quam
1394 774 1500 828 ipsis
1521 786 1555 812 10

150 837 195 875 et
231 833 413 874 utilitati
452 847 599 873 eorum
631 833 894 887 conveniret3
935 848 1115 887 quorum
1147 834 1302 874 timore
1334 833 1419 887 ipsi
1450 833 1500 874 de

149 891 380 945 praedictis
413 891 692 932 lectisterniis
725 896 768 932 et
804 892 933 933 rebus
967 892 1218 945 simpliciter
1251 895 1294 933 et
1327 892 1500 933 omnino

148 953 378 992 tacuerunt
411 952 453 991 et
486 964 557 991 eas
589 950 764 1004 perdere
791 953 833 992 et
864 950 927 991 ibi
953 950 1169 992 dimittere
1196 951 1340 1004 potius
1373 965 1502 1004 quam

147 1009 368 1063 periculis,
408 1023 515 1063 quae
549 1009 818 1062 expeditione
854 1010 1046 1062 ipsarum
1079 1009 1247 1050 evenire
1279 1009 1502 1062 timebant,

149 1083 194 1109 se
240 1067 493 1108 submittere
537 1067 825 1109 decreverunt.
893 1067 1102 1109 Homines
1148 1070 1292 1110 autem
1341 1068 1409 1108 illi
1460 1070 1502 1109 et
1523 1079 1556 1105 15

148 1127 323 1167 navium
357 1126 586 1167 eorundem
619 1127 792 1180 patroni
824 1126 1019 1168 videntes
1059 1127 1174 1180 ipsos
1207 1130 1299 1168 tam
1329 1126 1503 1168 iuvenes

150 1188 195 1226 et
226 1185 470 1238 praeclaros
503 1199 581 1226 nec
613 1185 832 1226 credentes
861 1199 932 1226 eos
966 1185 1140 1238 aliquod
1173 1185 1372 1226 fictitium
1406 1200 1504 1226 con-

149 1244 310 1297 fingere
338 1243 444 1284 scire
472 1243 545 1284 sed
571 1258 662 1284 rem
694 1243 756 1285 ita
782 1257 874 1285 esse
902 1244 1014 1285 sicut
1044 1244 1302 1285 rettulerant
1327 1244 1502 1285 omnino

152 1302 434 1343 aestimantes
463 1302 599 1343 dictos
621 1302 825 1357 coniuges
848 1302 1141 1343 misericordia
1160 1303 1268 1343 moti
1296 1302 1348 1343 ad
1373 1316 1502 1343 naves

152 1376 250 1402 suas
290 1361 572 1414 suscipientes
610 1375 744 1415 usque
784 1361 836 1402 ad
879 1364 1052 1415 portum
1094 1361 1406 1415 Romanorum,
1450 1360 1504 1402 ad
1522 1373 1556 1398 20

153 1434 279 1474 quem
309 1422 404 1460 tum
437 1419 545 1460 alias
578 1420 682 1460 ituri
715 1422 855 1473 erant,
888 1434 1031 1460 secum
1063 1419 1363 1473 perduxerunt.

79 1475 135 1517 26
271 1477 379 1520 Cum
400 1480 542 1519 autem
562 1478 614 1520 ad
634 1477 818 1520 Romam
837 1478 1147 1532 pervenissent,
1175 1478 1313 1532 gavisi
1331 1478 1504 1518 fuerunt
1572 1470 1576 1504 ⁸

151 1537 308 1591 gaudio
346 1550 505 1591 magno
544 1536 668 1578 valde
702 1539 745 1577 et
782 1537 908 1578 deum
946 1536 991 1577 in
1022 1537 1222 1578 cordibus
1256 1536 1344 1577 suis
1380 1537 1505 1577 bene-

151 1596 338 1637 dicentes
366 1595 580 1637 dixer-:unt
617 1595 829 1649 ‘Domine,
857 1595 958 1636 deus
987 1596 1274 1649 omnipotens,
1300 1595 1374 1649 qui
1398 1609 1503 1635 nun-

152 1669 280 1720 quam
317 1654 476 1694 deseris
519 1657 741 1708 sperantes
775 1654 817 1694 in
850 1657 911 1706 te,
949 1653 1031 1694 tibi
1069 1654 1231 1707 grat-ias
1264 1653 1556 1706 1Η61611111113,25

152 1713 225 1767 qui
257 1727 335 1753 nos
369 1712 419 1752 de
451 1715 591 1753 morte
623 1713 675 1753 ad
707 1712 857 1765 vitam,
891 1686 941 1752 de
966 1712 1168 1766 periculis
1201 1711 1502 1766 navigantium

153 1771 206 1812 ad
237 1771 458 1811 felicitatis
491 1774 682 1825 portum,
721 1772 771 1812 de
810 1771 1084 1812 damnatione
1117 1771 1171 1812 ad
1201 1745 1331 1812 viam&
1349 1770 1500 1811 salutis

151 1829 401 1884 perduxisti.
453 1828 557 1878 Quis
585 1831 699 1871 enim
725 1838 929 1884 umquam
957 1829 1146 1883 speravit
1170 1829 1217 1870 in
1241 1831 1303 1882 te,
1329 1829 1400 1882 qui
1427 1843 1502 1882 spe

153 1903 229 1930 sua
259 1888 466 1929 frustrata
498 1891 693 1943 optatum
724 1903 811 1930 non
843 1888 1116 1941 consequitur
1141 1886 1385 1928 intentum?
1435 1885 1501 1927 De

151 1947 238 1988 isto
269 1961 348 1987 nec
373 1947 516 2000 aliqua
541 1948 850 2001 scripturarum
876 1948 1023 1987 narrat
1047 1945 1231 1986 historia
1258 1959 1336 1986 nec
1361 1945 1499 1987 cuius·
1519 1956 1554 1982 30

155 2019 318 2059 cunque
350 2005 537 2047 viventis
569 2006 753 2047 refertur
786 2020 879 2047 esse
910 2003 1144 2045 memoria'.
1204 2003 1264 2044 Et
1295 2018 1390 2045 cum
1421 2004 1505 2057 ipsi

155 2064 208 2104 ad
233 2066 408 2117 portum
432 2067 480 2105 ut
504 2065 696 2118 praedixi
723 2063 1050 2119 applicuissent,
1082 2065 1284 2103 exeuntes
1312 2062 1362 2103 de
1388 2062 1504 2103 navi-

153 2122 235 2162 bus
269 2125 312 2162 et
345 2123 485 2164 soluto
518 2124 647 2164 naulo
681 2124 768 2164 suis
803 2137 898 2164 cum
931 2121 1170 2176 gratiarum
1197 2121 1365 2162 actione
1391 2120 1504 2162 vale-

155 2180 353 2221 dixerunt
391 2182 598 2234 patronis.
658 2182 717 2223 Et
759 2181 942 2235 ingressi
986 2180 1137 2222 urbem
1174 2179 1356 2221 Romam
1395 2177 1503 2220 Con-

250 2310 293 2341 27
321 2307 586 2352 dampnatione
613 2309 711 2344 codd.
