1583 2552
650 80 938 121 —29-

120 189 381 243 imperatore
414 201 436 228 e
468 185 702 228 converso'.
753 185 876 235 Quod
908 185 1127 228 audientes
1160 186 1396 240 imperator
1429 189 1471 228 et

118 246 372 301 imperatrix
410 244 673 287 Graecorum
713 259 808 287 cum
854 245 1010 300 gaudio
1055 246 1369 299 responderunt
1413 245 1472 287 di-

118 308 279 347 centes:
306 304 470 346 eParati
497 319 643 346 sumus
669 304 853 359 mittere,
879 304 1018 346 facere
1041 307 1082 346 et
1101 305 1289 359 recipere
1316 304 1472 359 omnia,

118 378 227 419 quae
264 363 517 418 imperatori
549 363 845 405 Romanorum
882 363 1056 417 placent
1095 366 1137 405 et
1173 378 1281 418 quae
1313 378 1390 406 vos
1422 377 1473 404 ex

81 435 98 460 5
116 425 240 478 parte
265 423 400 477 ipsius
423 421 668 476 petivistis.⁹
706 422 765 464 Et
784 422 949 464 vocatis
972 423 1025 464 ad
1046 437 1090 464 se
1115 422 1282 464 duobus
1302 423 1472 465 baroni-

117 483 196 524 bus
216 481 436 523 nobilibus
457 484 500 523 et
520 482 586 523 sui
611 482 783 536 imperii
808 481 1077 536 dignioribus
1098 481 1334 536 imperator
1354 482 1471 536 ipsos

117 540 172 583 ad
208 540 360 582 urbem
396 540 581 582 Romam
620 541 672 582 ad
710 540 1095 582 consummandum
1134 541 1280 582 omnia
1313 543 1356 582 et
1387 541 1472 582 sin-

117 599 221 655 gula
251 599 492 653 praemissa
524 599 838 642 ambasiatores
872 613 1076 641 concesso
1109 600 1162 640 iis
1195 614 1273 653 per
1303 600 1470 641 litteras

119 673 216 700 suas
256 657 491 700 sufficienti
527 658 730 700 mandato
770 659 1004 713 deputavit.
1061 658 1144 708 Qui
1181 658 1351 713 quidem
1384 673 1472 700 am-

65 729 98 754 10
118 717 360 759 basiatores
386 718 574 772 acceptis
600 717 759 759 litteris
787 720 829 759 et
850 717 1158 772 procuratoriis
1180 732 1308 772 super
1326 718 1472 759 huius-

118 775 235 818 modi
268 775 478 818 ordinatis
512 779 555 818 et
587 776 789 818 mandato
817 791 913 818 cum
944 777 1139 831 plenaria
1166 776 1473 818 informatione

118 835 225 889 ipsis
269 834 385 877 facto
430 849 526 877 cum
570 836 936 877 ambasiatoribus
982 836 1192 877 Romanis
1235 850 1366 878 naves
1411 836 1472 877 in-

119 892 363 948 gredientes
397 908 441 935 se
475 894 529 935 ad
560 895 710 936 urbem
741 894 925 936 Romam
957 895 1287 936 transtulerunt.

237 951 319 993 Die
346 955 491 994 autem
518 956 668 1007 optata
694 955 737 995 et
762 968 992 1008 prosperos
1025 954 1224 995 fortunae
1253 968 1473 996 successus
1488 956 1545 997 46

68 1020 101 1045 15
122 1009 325 1052 offerente
347 1011 400 1052 ad
419 1012 570 1053 urbem
589 1012 774 1054 Romam
801 1012 987 1054 feliciter
1012 1016 1313 1067 pervenerunt.
1352 1013 1477 1063 Quod

120 1083 218 1110 cum
248 1069 500 1124 imperatori
527 1069 783 1113 Constantio
815 1072 1110 1126 nuntiaretur,
1142 1071 1343 1113 lacrimas
1373 1086 1474 1126 prae

120 1127 277 1181 gaudio
311 1129 531 1171 continere
556 1144 646 1172 non
677 1130 826 1172 valens
859 1131 1004 1172 omnia
1036 1145 1144 1185 quae
1177 1131 1230 1172 ad
1269 1131 1476 1173 solacium

118 1186 246 1228 huius
273 1188 434 1229 saeculi
458 1187 598 1230 facere
624 1189 823 1230 videntur
851 1189 903 1230 ad
935 1189 1144 1231 honorem
1176 1192 1219 1231 et
1245 1190 1477 1231 iucundum

122 1244 354 1286 adventum
385 1246 539 1287 talium
563 1248 812 1289 nuntiorum
841 1248 1090 1302 praeparari
1116 1263 1217 1290 mox
1243 1249 1476 1291 mandavit.

67 1313 102 1339 20
122 1302 285 1352 Quibus
313 1304 510 1346 omnibus
538 1305 659 1347 iuxta
684 1306 907 1360 imperiale
929 1307 1180 1349 mandatum
1205 1309 1476 1362 praeparatis

121 1361 311 1404 universi
342 1363 508 1405 tribuni
539 1365 706 1406 nobiles
734 1368 777 1407 et
803 1366 965 1408 milites
997 1369 1174 1421 totaque
1207 1367 1375 1409 familia
1401 1368 1477 1409 im-

120 1420 297 1474 perialis
345 1422 468 1464 aulae
505 1422 613 1477 ipsis
655 1424 1019 1466 ambasiatoribus
1061 1428 1103 1467 et
1140 1426 1304 1467 nuntiis
1344 1427 1476 1481 impe-

120 1479 279 1521 ratoris
324 1479 588 1523 Graecorum
632 1498 761 1536 supra
802 1484 928 1525 dictis
978 1498 1074 1525 cum
1118 1485 1237 1526 tubis
1282 1486 1475 1527 buccinis

120 1537 292 1591 hymnis
325 1541 367 1580 et
397 1539 574 1582 canticis
602 1544 644 1582 et
669 1542 881 1584 universis
908 1543 1188 1585 musicalibus
1215 1544 1476 1586 instrumen-

69 1607 103 1633 25
123 1596 180 1637 tis
208 1599 256 1638 ut
281 1598 413 1639 moris
441 1601 506 1640 est
532 1604 818 1644 occurrerunt.
868 1601 928 1643 Et
953 1602 1005 1643 iis
1032 1602 1266 1644 honorifice
1292 1604 1476 1658 receptis

125 1654 178 1695 ad
203 1654 426 1709 imperiale
449 1658 679 1711 pallatium
706 1660 822 1714 ipsos
848 1661 1149 1715 perduxerunt.
1195 1660 1475 1705 Constantius

122 1727 225 1755 vero
264 1715 501 1769 imperator
531 1716 751 1760 Romanus
790 1733 862 1761 eos
895 1734 992 1761 cum
1029 1733 1189 1774 magna
1219 1722 1382 1777 recepit
1413 1736 1476 1763 re-

122 1772 335 1827 verentia,
368 1774 479 1816 sicut
511 1790 634 1818 suam
666 1777 807 1819 decuit
838 1779 1123 1821 maiestatem.

240 1831 369 1873 Mane
408 1836 552 1875 autem
589 1835 706 1878 facto
738 1836 975 1891 imperator
1008 1841 1161 1880 vocato
1196 1840 1289 1881 toto
1324 1842 1475 1881 senatu
1488 1842 1544 1883 47

67 1900 103 1925 30
123 1891 166 1930 et
197 1890 408 1933 universis
442 1893 530 1934 suis
562 1894 746 1936 tribunis
780 1899 822 1937 et
852 1896 1070 1938 nobilibus
1105 1899 1147 1939 et
1179 1898 1326 1939 audita
1357 1898 1475 1954 lega-

122 1947 241 1990 tione
267 1949 480 1993 dictorum
504 1953 755 1995 nuntiorum
782 1955 944 2009 omnia,
975 1970 1084 2011 quae
1110 1971 1187 2010 per
1212 1959 1473 2000 mercatores

219 2069 239 2100 7
254 2068 545 2102 consumandum
559 2070 672 2111 codd,
686 2071 1017 2105 consummandum
1029 2072 1171 2116 scripsi.
1242 2076 1257 2106 1
1267 2077 1284 2107 1
1306 2073 1474 2117 plenario

123 2112 224 2163 codd.
324 2118 368 2148 14
386 2115 573 2160 prosperis
593 2116 765 2152 fortunae
786 2117 1018 2153 successibus
1039 2120 1140 2154 codd.
1232 2124 1274 2154 16
1297 2119 1474 2154 Constan-

124 2158 204 2193 tmo
225 2159 274 2202 F,
299 2161 559 2197 nuncciaretur
578 2165 678 2199 codd.
768 2169 809 2200 18
836 2165 1035 2201 iocundum
1062 2167 1163 2202 codd.
1243 2171 1287 2202 22
1308 2167 1475 2202 nuncciis

124 2206 248 2260 ⁰.⁰d⁶.l·.
325 2212 370 2242 24
388 2208 510 2251 ymnis
530 2211 579 2254 D,
604 2211 753 2256 ympnis
779 2212 826 2246 F.
902 2217 947 2248 25
973 2212 1148 2258 resceptis
1176 2213 1216 2248 F
1239 2225 1318 2249 cum
1342 2225 1476 2250 rasura

124 2263 165 2287 m
190 2254 299 2289 mmo
323 2258 365 2289 ut
389 2256 530 2292 videtur
555 2268 630 2293 non
652 2260 822 2303 perfecta.
920 2264 964 2295 31
992 2260 1232 2296 nuncciorum
1260 2262 1360 2297 codd.
