<?xml version="1.0" encoding="UTF-8"?>
<!DOCTYPE html PUBLIC "-//W3C//DTD XHTML 1.0 Transitional//EN"
    "http://www.w3.org/TR/xhtml1/DTD/xhtml1-transitional.dtd">
<html xmlns="http://www.w3.org/1999/xhtml" xml:lang="en" lang="en">
 <head>
  <title>
</title>
<meta http-equiv="Content-Type" content="text/html;charset=utf-8" />
  <meta name='ocr-system' content='tesseract 3.04.00' />
  <meta name='ocr-capabilities' content='ocr_page ocr_carea ocr_par ocr_line ocrx_word'/>
</head>
<body>
  <div class='ocr_page' id='page_1' title='image "./incertiauctorisd00consuoft_0020.png"; bbox 0 0 1583 2552; ppageno 0'>
   <div class='ocr_carea' id='block_1_1' title="bbox 1553 0 1558 98">
    <p class='ocr_par' dir='ltr' id='par_1_1' title="bbox 1553 0 1558 98">
     <span class='ocr_line' id='line_1_1' title="bbox 1553 0 1558 98; baseline 0 0"><span class='ocrx_word' id='word_1_1' title='bbox 1553 0 1558 98; x_wconf 65' lang='lat' dir='ltr'>l</span> 
     </span>
    </p>
   </div>
   <div class='ocr_carea' id='block_1_2' title="bbox 697 106 1561 200">
    <p class='ocr_par' dir='ltr' id='par_1_2' title="bbox 697 106 1561 200">
     <span class='ocr_line' id='line_1_2' title="bbox 697 106 1561 200; baseline -0.005 4"><span class='ocrx_word' id='word_1_2' title='bbox 697 106 957 146; x_wconf 51' lang='lat'>‘8—</span> <span class='ocrx_word' id='word_1_3' title='bbox 1556 106 1561 200; x_wconf 70' lang='lat' dir='ltr'>&#39;l</span> 
     </span>
    </p>
   </div>
   <div class='ocr_carea' id='block_1_3' title="bbox 85 201 1563 1969">
    <p class='ocr_par' dir='ltr' id='par_1_3' title="bbox 152 201 1563 439">
     <span class='ocr_line' id='line_1_3' title="bbox 154 201 1562 267; baseline 0.006 -18"><span class='ocrx_word' id='word_1_4' title='bbox 154 209 354 263; x_wconf 90' lang='lat' dir='ltr'>petistis’.</span> <span class='ocrx_word' id='word_1_5' title='bbox 394 210 546 251; x_wconf 84' lang='lat' dir='ltr'>Altera</span> <span class='ocrx_word' id='word_1_6' title='bbox 567 213 709 251; x_wconf 89' lang='lat' dir='ltr'>autem</span> <span class='ocrx_word' id='word_1_7' title='bbox 730 210 796 251; x_wconf 91' lang='lat' dir='ltr'>die</span> <span class='ocrx_word' id='word_1_8' title='bbox 817 211 1038 252; x_wconf 88' lang='lat' dir='ltr'>universos</span> <span class='ocrx_word' id='word_1_9' title='bbox 1061 212 1126 253; x_wconf 87' lang='lat' dir='ltr'>sui</span> <span class='ocrx_word' id='word_1_10' title='bbox 1145 213 1315 267; x_wconf 91' lang='lat' dir='ltr'>imperii</span> <span class='ocrx_word' id='word_1_11' title='bbox 1334 215 1505 257; x_wconf 89' lang='lat' dir='ltr'>nobiles</span> <span class='ocrx_word' id='word_1_12' title='bbox 1560 201 1562 226; x_wconf 24' lang='grc' dir='ltr'>ι</span> 
     </span>
     <span class='ocr_line' id='line_1_4' title="bbox 155 268 1563 323; baseline 0.006 -15"><span class='ocrx_word' id='word_1_13' title='bbox 155 271 198 309; x_wconf 90' lang='lat' dir='ltr'>et</span> <span class='ocrx_word' id='word_1_14' title='bbox 216 268 423 322; x_wconf 75' lang='lat' dir='ltr'>primatos</span> <span class='ocrx_word' id='word_1_15' title='bbox 445 269 679 322; x_wconf 88' lang='lat' dir='ltr'>imperator</span> <span class='ocrx_word' id='word_1_16' title='bbox 698 284 775 323; x_wconf 87' lang='lat' dir='ltr'>per</span> <span class='ocrx_word' id='word_1_17' title='bbox 793 271 969 311; x_wconf 86' lang='lat' dir='ltr'>nuntios</span> <span class='ocrx_word' id='word_1_18' title='bbox 990 285 1090 312; x_wconf 89' lang='lat' dir='ltr'>suos</span> <span class='ocrx_word' id='word_1_19' title='bbox 1111 274 1152 312; x_wconf 93' lang='lat' dir='ltr'>et</span> <span class='ocrx_word' id='word_1_20' title='bbox 1172 272 1341 314; x_wconf 75' lang='lat' dir='ltr'>litteras</span> <span class='ocrx_word' id='word_1_21' title='bbox 1362 274 1507 316; x_wconf 90' lang='lat' dir='ltr'>vocari</span> <span class='ocrx_word' id='word_1_22' title='bbox 1561 275 1563 279; x_wconf 76' lang='grc'><strong>’</strong></span> 
     </span>
     <span class='ocr_line' id='line_1_5' title="bbox 152 327 1505 384; baseline 0.004 -16"><span class='ocrx_word' id='word_1_23' title='bbox 152 327 256 368; x_wconf 86' lang='lat' dir='ltr'>fecit</span> <span class='ocrx_word' id='word_1_24' title='bbox 289 327 341 368; x_wconf 90' lang='lat' dir='ltr'>ad</span> <span class='ocrx_word' id='word_1_25' title='bbox 374 330 535 369; x_wconf 84' lang='lat' dir='ltr'>certam</span> <span class='ocrx_word' id='word_1_26' title='bbox 569 331 776 369; x_wconf 82' lang='lat' dir='ltr'>statutam</span> <span class='ocrx_word' id='word_1_27' title='bbox 814 328 927 370; x_wconf 91' lang='lat' dir='ltr'>diem</span> <span class='ocrx_word' id='word_1_28' title='bbox 960 329 1011 370; x_wconf 87' lang='lat' dir='ltr'>ad</span> <span class='ocrx_word' id='word_1_29' title='bbox 1039 331 1251 384; x_wconf 90' lang='lat' dir='ltr'>agendum</span> <span class='ocrx_word' id='word_1_30' title='bbox 1280 332 1505 374; x_wconf 86' lang='lat' dir='ltr'>sollemnia</span> 
     </span>
     <span class='ocr_line' id='line_1_6' title="bbox 153 386 413 439; baseline 0 -12"><span class='ocrx_word' id='word_1_31' title='bbox 153 386 413 439; x_wconf 71' lang='lat' dir='ltr'>nuptiarum.</span> 
     </span>
    </p>

    <p class='ocr_par' dir='ltr' id='par_1_4' title="bbox 90 442 1562 1851">
     <span class='ocr_line' id='line_1_7' title="bbox 90 442 1543 491; baseline 0.006 -8"><span class='ocrx_word' id='word_1_32' title='bbox 90 442 142 482; x_wconf 86' lang='lat'>11</span> <span class='ocrx_word' id='word_1_33' title='bbox 278 444 361 486; x_wconf 89' lang='lat' dir='ltr'>Die</span> <span class='ocrx_word' id='word_1_34' title='bbox 387 460 488 486; x_wconf 91' lang='lat' dir='ltr'>vero</span> <span class='ocrx_word' id='word_1_35' title='bbox 517 448 679 487; x_wconf 84' lang='lat' dir='ltr'>statuta</span> <span class='ocrx_word' id='word_1_36' title='bbox 706 446 956 488; x_wconf 78' lang='lat' dir='ltr'>adveniente</span> <span class='ocrx_word' id='word_1_37' title='bbox 983 461 1030 488; x_wconf 88' lang='lat' dir='ltr'>ac</span> <span class='ocrx_word' id='word_1_38' title='bbox 1053 448 1262 490; x_wconf 87' lang='lat' dir='ltr'>universis</span> <span class='ocrx_word' id='word_1_39' title='bbox 1288 449 1507 491; x_wconf 86' lang='lat' dir='ltr'>nobilibus</span> <span class='ocrx_word' id='word_1_40' title='bbox 1527 459 1543 486; x_wconf 83' lang='lat'>5</span> 
     </span>
     <span class='ocr_line' id='line_1_8' title="bbox 156 505 1508 560; baseline 0.004 -16"><span class='ocrx_word' id='word_1_41' title='bbox 156 506 204 544; x_wconf 90' lang='lat' dir='ltr'>ut</span> <span class='ocrx_word' id='word_1_42' title='bbox 255 505 547 558; x_wconf 85' lang='lat' dir='ltr'>praemittitur</span> <span class='ocrx_word' id='word_1_43' title='bbox 600 505 874 560; x_wconf 82' lang='lat' dir='ltr'>congregatis</span> <span class='ocrx_word' id='word_1_44' title='bbox 918 506 1152 560; x_wconf 89' lang='lat' dir='ltr'>imperator</span> <span class='ocrx_word' id='word_1_45' title='bbox 1200 507 1336 548; x_wconf 89' lang='lat' dir='ltr'>filiam</span> <span class='ocrx_word' id='word_1_46' title='bbox 1387 523 1508 550; x_wconf 90' lang='lat' dir='ltr'>suam</span> 
     </span>
     <span class='ocr_line' id='line_1_9' title="bbox 154 562 1507 617; baseline 0.004 -14"><span class='ocrx_word' id='word_1_47' title='bbox 154 563 326 604; x_wconf 88' lang='lat' dir='ltr'>unicam</span> <span class='ocrx_word' id='word_1_48' title='bbox 366 563 560 617; x_wconf 87' lang='lat' dir='ltr'>praefato</span> <span class='ocrx_word' id='word_1_49' title='bbox 595 562 879 605; x_wconf 85' lang='lat' dir='ltr'>Constantino</span> <span class='ocrx_word' id='word_1_50' title='bbox 918 565 961 605; x_wconf 90' lang='lat' dir='ltr'>in</span> <span class='ocrx_word' id='word_1_51' title='bbox 998 565 1106 606; x_wconf 87' lang='lat' dir='ltr'>facie</span> <span class='ocrx_word' id='word_1_52' title='bbox 1139 566 1328 607; x_wconf 88' lang='lat' dir='ltr'>omnium</span> <span class='ocrx_word' id='word_1_53' title='bbox 1359 568 1507 608; x_wconf 87' lang='lat' dir='ltr'>matri-</span> 
     </span>
     <span class='ocr_line' id='line_1_10' title="bbox 158 622 1508 680; baseline 0.003 -18"><span class='ocrx_word' id='word_1_54' title='bbox 158 622 407 663; x_wconf 89' lang='lat' dir='ltr'>monialiter</span> <span class='ocrx_word' id='word_1_55' title='bbox 445 625 487 663; x_wconf 90' lang='lat' dir='ltr'>et</span> <span class='ocrx_word' id='word_1_56' title='bbox 525 623 793 664; x_wconf 77' lang='lat' dir='ltr'>sollemniter</span> <span class='ocrx_word' id='word_1_57' title='bbox 831 624 1050 677; x_wconf 81' lang='lat' dir='ltr'>copulavit</span> <span class='ocrx_word' id='word_1_58' title='bbox 1081 627 1142 677; x_wconf 90' lang='lat' dir='ltr'>et,</span> <span class='ocrx_word' id='word_1_59' title='bbox 1182 627 1231 665; x_wconf 89' lang='lat' dir='ltr'>ut</span> <span class='ocrx_word' id='word_1_60' title='bbox 1266 625 1398 666; x_wconf 88' lang='lat' dir='ltr'>moris</span> <span class='ocrx_word' id='word_1_61' title='bbox 1431 629 1508 680; x_wconf 82' lang='lat' dir='ltr'>est,</span> 
     </span>
     <span class='ocr_line' id='line_1_11' title="bbox 155 681 1507 736; baseline 0.002 -15"><span class='ocrx_word' id='word_1_62' title='bbox 155 681 293 735; x_wconf 89' lang='lat' dir='ltr'>regali</span> <span class='ocrx_word' id='word_1_63' title='bbox 320 681 514 723; x_wconf 80' lang='lat' dir='ltr'>thalamo</span> <span class='ocrx_word' id='word_1_64' title='bbox 547 686 806 736; x_wconf 88' lang='lat' dir='ltr'>praeparato</span> <span class='ocrx_word' id='word_1_65' title='bbox 833 696 927 723; x_wconf 90' lang='lat' dir='ltr'>eam</span> <span class='ocrx_word' id='word_1_66' title='bbox 955 682 1039 723; x_wconf 83' lang='lat' dir='ltr'>sibi</span> <span class='ocrx_word' id='word_1_67' title='bbox 1065 683 1257 724; x_wconf 83' lang='lat' dir='ltr'>maritali</span> <span class='ocrx_word' id='word_1_68' title='bbox 1284 683 1507 725; x_wconf 85' lang='lat' dir='ltr'>affectione</span> 
     </span>
     <span class='ocr_line' id='line_1_12' title="bbox 155 740 1562 793; baseline 0 -13"><span class='ocrx_word' id='word_1_69' title='bbox 155 740 261 780; x_wconf 90' lang='lat' dir='ltr'>inibi</span> <span class='ocrx_word' id='word_1_70' title='bbox 302 740 652 793; x_wconf 83' lang='lat' dir='ltr'>pertractandam</span> <span class='ocrx_word' id='word_1_71' title='bbox 696 741 886 782; x_wconf 88' lang='lat' dir='ltr'>sociavit.</span> <span class='ocrx_word' id='word_1_72' title='bbox 956 740 1264 783; x_wconf 82' lang='lat' dir='ltr'>Constantinus</span> <span class='ocrx_word' id='word_1_73' title='bbox 1308 756 1410 783; x_wconf 92' lang='lat' dir='ltr'>vero</span> <span class='ocrx_word' id='word_1_74' title='bbox 1457 743 1507 784; x_wconf 87' lang='lat' dir='ltr'>de</span> <span class='ocrx_word' id='word_1_75' title='bbox 1528 757 1562 781; x_wconf 89' lang='lat'>10</span> 
     </span>
     <span class='ocr_line' id='line_1_13' title="bbox 154 799 1508 855; baseline 0.002 -16"><span class='ocrx_word' id='word_1_76' title='bbox 154 799 236 839; x_wconf 92' lang='lat' dir='ltr'>tali</span> <span class='ocrx_word' id='word_1_77' title='bbox 269 800 450 853; x_wconf 90' lang='lat' dir='ltr'>coniuge</span> <span class='ocrx_word' id='word_1_78' title='bbox 484 802 526 840; x_wconf 88' lang='lat' dir='ltr'>et</span> <span class='ocrx_word' id='word_1_79' title='bbox 553 800 670 840; x_wconf 91' lang='lat' dir='ltr'>socia</span> <span class='ocrx_word' id='word_1_80' title='bbox 701 800 809 841; x_wconf 90' lang='lat' dir='ltr'>bene</span> <span class='ocrx_word' id='word_1_81' title='bbox 837 802 1064 841; x_wconf 86' lang='lat' dir='ltr'>contentus</span> <span class='ocrx_word' id='word_1_82' title='bbox 1097 815 1192 841; x_wconf 91' lang='lat' dir='ltr'>eam</span> <span class='ocrx_word' id='word_1_83' title='bbox 1225 815 1320 842; x_wconf 89' lang='lat' dir='ltr'>cum</span> <span class='ocrx_word' id='word_1_84' title='bbox 1352 801 1508 855; x_wconf 89' lang='lat' dir='ltr'>gaudio</span> 
     </span>
     <span class='ocr_line' id='line_1_14' title="bbox 158 858 1508 913; baseline 0.002 -15"><span class='ocrx_word' id='word_1_85' title='bbox 158 858 394 911; x_wconf 88' lang='lat' dir='ltr'>suscipiens</span> <span class='ocrx_word' id='word_1_86' title='bbox 423 858 579 899; x_wconf 88' lang='lat' dir='ltr'>osculis</span> <span class='ocrx_word' id='word_1_87' title='bbox 607 862 649 899; x_wconf 91' lang='lat' dir='ltr'>et</span> <span class='ocrx_word' id='word_1_88' title='bbox 681 859 949 912; x_wconf 85' lang='lat' dir='ltr'>amplexibus</span> <span class='ocrx_word' id='word_1_89' title='bbox 977 873 1025 900; x_wconf 87' lang='lat' dir='ltr'>ac</span> <span class='ocrx_word' id='word_1_90' title='bbox 1051 860 1222 913; x_wconf 80' lang='lat' dir='ltr'>ceteris,</span> <span class='ocrx_word' id='word_1_91' title='bbox 1255 874 1363 913; x_wconf 91' lang='lat' dir='ltr'>quae</span> <span class='ocrx_word' id='word_1_92' title='bbox 1394 860 1508 901; x_wconf 88' lang='lat' dir='ltr'>inter</span> 
     </span>
     <span class='ocr_line' id='line_1_15' title="bbox 155 916 1505 972; baseline 0.001 -15"><span class='ocrx_word' id='word_1_93' title='bbox 155 916 266 957; x_wconf 90' lang='lat' dir='ltr'>tales</span> <span class='ocrx_word' id='word_1_94' title='bbox 294 917 496 971; x_wconf 87' lang='lat' dir='ltr'>coniuges</span> <span class='ocrx_word' id='word_1_95' title='bbox 523 917 697 958; x_wconf 88' lang='lat' dir='ltr'>iuvenes</span> <span class='ocrx_word' id='word_1_96' title='bbox 719 920 761 958; x_wconf 90' lang='lat' dir='ltr'>et</span> <span class='ocrx_word' id='word_1_97' title='bbox 786 917 944 958; x_wconf 88' lang='lat' dir='ltr'>hilares</span> <span class='ocrx_word' id='word_1_98' title='bbox 974 918 1159 959; x_wconf 84' lang='lat' dir='ltr'>exerceri</span> <span class='ocrx_word' id='word_1_99' title='bbox 1183 922 1505 972; x_wconf 88' lang='lat' dir='ltr'>consueverunt,</span> 
     </span>
     <span class='ocr_line' id='line_1_16' title="bbox 154 975 1507 1031; baseline 0.002 -16"><span class='ocrx_word' id='word_1_100' title='bbox 154 975 265 1016; x_wconf 89' lang='lat' dir='ltr'>ludis</span> <span class='ocrx_word' id='word_1_101' title='bbox 304 978 346 1016; x_wconf 90' lang='lat' dir='ltr'>et</span> <span class='ocrx_word' id='word_1_102' title='bbox 385 976 555 1017; x_wconf 88' lang='lat' dir='ltr'>solaciis</span> <span class='ocrx_word' id='word_1_103' title='bbox 593 990 680 1018; x_wconf 90' lang='lat' dir='ltr'>non</span> <span class='ocrx_word' id='word_1_104' title='bbox 724 979 895 1017; x_wconf 88' lang='lat' dir='ltr'>tantum</span> <span class='ocrx_word' id='word_1_105' title='bbox 938 977 1013 1018; x_wconf 91' lang='lat' dir='ltr'>illa</span> <span class='ocrx_word' id='word_1_106' title='bbox 1050 976 1123 1017; x_wconf 90' lang='lat' dir='ltr'>sed</span> <span class='ocrx_word' id='word_1_107' title='bbox 1167 977 1315 1017; x_wconf 89' lang='lat' dir='ltr'>multis</span> <span class='ocrx_word' id='word_1_108' title='bbox 1353 980 1507 1031; x_wconf 90' lang='lat' dir='ltr'>postea</span> 
     </span>
     <span class='ocr_line' id='line_1_17' title="bbox 152 1034 1560 1089; baseline -0.002 -14"><span class='ocrx_word' id='word_1_109' title='bbox 152 1034 350 1075; x_wconf 86' lang='lat' dir='ltr'>noctibus</span> <span class='ocrx_word' id='word_1_110' title='bbox 395 1038 618 1089; x_wconf 87' lang='lat' dir='ltr'>tamquam</span> <span class='ocrx_word' id='word_1_111' title='bbox 661 1049 837 1076; x_wconf 85' lang='lat' dir='ltr'>uxorem</span> <span class='ocrx_word' id='word_1_112' title='bbox 884 1035 1168 1076; x_wconf 84' lang='lat' dir='ltr'>amicabiliter</span> <span class='ocrx_word' id='word_1_113' title='bbox 1210 1035 1505 1089; x_wconf 85' lang='lat' dir='ltr'>pertractavit.</span> <span class='ocrx_word' id='word_1_114' title='bbox 1526 1047 1560 1073; x_wconf 88' lang='lat'>15</span> 
     </span>
     <span class='ocr_line' id='line_1_18' title="bbox 153 1091 1508 1147; baseline 0.001 -14"><span class='ocrx_word' id='word_1_115' title='bbox 153 1091 280 1134; x_wconf 90' lang='lat' dir='ltr'>Mane</span> <span class='ocrx_word' id='word_1_116' title='bbox 313 1096 456 1135; x_wconf 87' lang='lat' dir='ltr'>autem</span> <span class='ocrx_word' id='word_1_117' title='bbox 493 1094 608 1134; x_wconf 85' lang='lat' dir='ltr'>facto</span> <span class='ocrx_word' id='word_1_118' title='bbox 645 1108 724 1135; x_wconf 86' lang='lat' dir='ltr'>nec</span> <span class='ocrx_word' id='word_1_119' title='bbox 755 1108 851 1134; x_wconf 92' lang='lat' dir='ltr'>cum</span> <span class='ocrx_word' id='word_1_120' title='bbox 888 1094 1012 1147; x_wconf 87' lang='lat' dir='ltr'>plene</span> <span class='ocrx_word' id='word_1_121' title='bbox 1052 1108 1206 1135; x_wconf 87' lang='lat' dir='ltr'>aurora</span> <span class='ocrx_word' id='word_1_122' title='bbox 1247 1097 1390 1135; x_wconf 90' lang='lat' dir='ltr'>ortum</span> <span class='ocrx_word' id='word_1_123' title='bbox 1422 1094 1508 1135; x_wconf 91' lang='lat' dir='ltr'>diei</span> 
     </span>
     <span class='ocr_line' id='line_1_19' title="bbox 153 1152 1506 1206; baseline 0 -13"><span class='ocrx_word' id='word_1_124' title='bbox 153 1152 437 1205; x_wconf 82' lang='lat' dir='ltr'>patefaceret,</span> <span class='ocrx_word' id='word_1_125' title='bbox 475 1153 712 1206; x_wconf 89' lang='lat' dir='ltr'>imperator</span> <span class='ocrx_word' id='word_1_126' title='bbox 751 1153 976 1194; x_wconf 88' lang='lat' dir='ltr'>associatis</span> <span class='ocrx_word' id='word_1_127' title='bbox 1015 1152 1097 1193; x_wconf 90' lang='lat' dir='ltr'>sibi</span> <span class='ocrx_word' id='word_1_128' title='bbox 1142 1153 1298 1206; x_wconf 87' lang='lat' dir='ltr'>puellis</span> <span class='ocrx_word' id='word_1_129' title='bbox 1337 1154 1379 1193; x_wconf 87' lang='lat' dir='ltr'>et</span> <span class='ocrx_word' id='word_1_130' title='bbox 1417 1167 1506 1194; x_wconf 88' lang='lat' dir='ltr'>ma·</span> 
     </span>
     <span class='ocr_line' id='line_1_20' title="bbox 153 1211 1507 1265; baseline 0 -13"><span class='ocrx_word' id='word_1_131' title='bbox 153 1211 289 1252; x_wconf 87' lang='lat' dir='ltr'>tronis</span> <span class='ocrx_word' id='word_1_132' title='bbox 317 1211 468 1252; x_wconf 91' lang='lat' dir='ltr'>multis</span> <span class='ocrx_word' id='word_1_133' title='bbox 496 1214 539 1252; x_wconf 89' lang='lat' dir='ltr'>et</span> <span class='ocrx_word' id='word_1_134' title='bbox 564 1211 786 1252; x_wconf 88' lang='lat' dir='ltr'>nobilibus</span> <span class='ocrx_word' id='word_1_135' title='bbox 820 1225 1024 1264; x_wconf 88' lang='lat' dir='ltr'>sponsum</span> <span class='ocrx_word' id='word_1_136' title='bbox 1054 1211 1196 1264; x_wconf 88' lang='lat' dir='ltr'>ipsum</span> <span class='ocrx_word' id='word_1_137' title='bbox 1230 1214 1272 1252; x_wconf 88' lang='lat' dir='ltr'>et</span> <span class='ocrx_word' id='word_1_138' title='bbox 1304 1225 1507 1265; x_wconf 88' lang='lat' dir='ltr'>sponsam</span> 
     </span>
     <span class='ocr_line' id='line_1_21' title="bbox 155 1270 1506 1324; baseline 0 -14"><span class='ocrx_word' id='word_1_139' title='bbox 155 1284 249 1311; x_wconf 90' lang='lat' dir='ltr'>cum</span> <span class='ocrx_word' id='word_1_140' title='bbox 291 1270 481 1323; x_wconf 76' lang='lat' dir='ltr'>cytharis</span> <span class='ocrx_word' id='word_1_141' title='bbox 523 1273 565 1310; x_wconf 92' lang='lat' dir='ltr'>et</span> <span class='ocrx_word' id='word_1_142' title='bbox 603 1270 777 1324; x_wconf 82' lang='lat' dir='ltr'>organis</span> <span class='ocrx_word' id='word_1_143' title='bbox 817 1272 859 1310; x_wconf 89' lang='lat' dir='ltr'>et</span> <span class='ocrx_word' id='word_1_144' title='bbox 897 1270 1162 1310; x_wconf 89' lang='lat' dir='ltr'>diversorum</span> <span class='ocrx_word' id='word_1_145' title='bbox 1204 1283 1408 1324; x_wconf 82' lang='lat' dir='ltr'>generum</span> <span class='ocrx_word' id='word_1_146' title='bbox 1443 1270 1506 1310; x_wconf 90' lang='lat' dir='ltr'>in-</span> 
     </span>
     <span class='ocr_line' id='line_1_22' title="bbox 154 1328 1560 1382; baseline -0.001 -13"><span class='ocrx_word' id='word_1_147' title='bbox 154 1329 404 1369; x_wconf 88' lang='lat' dir='ltr'>strumentis</span> <span class='ocrx_word' id='word_1_148' title='bbox 452 1329 731 1369; x_wconf 87' lang='lat' dir='ltr'>musicalibus</span> <span class='ocrx_word' id='word_1_149' title='bbox 774 1331 817 1369; x_wconf 91' lang='lat' dir='ltr'>et</span> <span class='ocrx_word' id='word_1_150' title='bbox 856 1341 1014 1382; x_wconf 80' lang='lat' dir='ltr'>niagno</span> <span class='ocrx_word' id='word_1_151' title='bbox 1055 1328 1244 1382; x_wconf 88' lang='lat' dir='ltr'>tripudio</span> <span class='ocrx_word' id='word_1_152' title='bbox 1285 1331 1334 1369; x_wconf 90' lang='lat' dir='ltr'>ut</span> <span class='ocrx_word' id='word_1_153' title='bbox 1373 1328 1505 1369; x_wconf 89' lang='lat' dir='ltr'>moris</span> <span class='ocrx_word' id='word_1_154' title='bbox 1525 1341 1560 1366; x_wconf 82' lang='lat'>20</span> 
     </span>
     <span class='ocr_line' id='line_1_23' title="bbox 155 1386 1505 1441; baseline 0 -13"><span class='ocrx_word' id='word_1_155' title='bbox 155 1390 221 1428; x_wconf 90' lang='lat' dir='ltr'>est</span> <span class='ocrx_word' id='word_1_156' title='bbox 258 1387 440 1428; x_wconf 90' lang='lat' dir='ltr'>visitans</span> <span class='ocrx_word' id='word_1_157' title='bbox 479 1387 529 1428; x_wconf 82' lang='lat' dir='ltr'>de</span> <span class='ocrx_word' id='word_1_158' title='bbox 567 1386 761 1428; x_wconf 89' lang='lat' dir='ltr'>thalamo</span> <span class='ocrx_word' id='word_1_159' title='bbox 807 1387 965 1428; x_wconf 84' lang='lat' dir='ltr'>eduxit.</span> <span class='ocrx_word' id='word_1_160' title='bbox 1026 1386 1090 1427; x_wconf 90' lang='lat' dir='ltr'>Ac</span> <span class='ocrx_word' id='word_1_161' title='bbox 1132 1387 1370 1441; x_wconf 90' lang='lat' dir='ltr'>imperator</span> <span class='ocrx_word' id='word_1_162' title='bbox 1412 1387 1505 1440; x_wconf 89' lang='lat' dir='ltr'>ipse</span> 
     </span>
     <span class='ocr_line' id='line_1_24' title="bbox 152 1445 1504 1500; baseline 0 -14"><span class='ocrx_word' id='word_1_163' title='bbox 152 1460 238 1487; x_wconf 89' lang='lat' dir='ltr'>una</span> <span class='ocrx_word' id='word_1_164' title='bbox 266 1460 360 1487; x_wconf 90' lang='lat' dir='ltr'>cum</span> <span class='ocrx_word' id='word_1_165' title='bbox 387 1446 659 1500; x_wconf 88' lang='lat' dir='ltr'>imperatrice</span> <span class='ocrx_word' id='word_1_166' title='bbox 688 1448 730 1486; x_wconf 91' lang='lat' dir='ltr'>et</span> <span class='ocrx_word' id='word_1_167' title='bbox 757 1445 967 1486; x_wconf 89' lang='lat' dir='ltr'>universis</span> <span class='ocrx_word' id='word_1_168' title='bbox 993 1445 1258 1499; x_wconf 88' lang='lat' dir='ltr'>principibus</span> <span class='ocrx_word' id='word_1_169' title='bbox 1284 1445 1504 1486; x_wconf 89' lang='lat' dir='ltr'>nobilibus</span> 
     </span>
     <span class='ocr_line' id='line_1_25' title="bbox 156 1503 1505 1546; baseline -0.001 -1"><span class='ocrx_word' id='word_1_170' title='bbox 156 1505 244 1546; x_wconf 90' lang='lat' dir='ltr'>suis</span> <span class='ocrx_word' id='word_1_171' title='bbox 277 1509 319 1545; x_wconf 91' lang='lat' dir='ltr'>et</span> <span class='ocrx_word' id='word_1_172' title='bbox 352 1505 565 1546; x_wconf 85' lang='lat' dir='ltr'>militibus</span> <span class='ocrx_word' id='word_1_173' title='bbox 599 1504 838 1545; x_wconf 88' lang='lat' dir='ltr'>observatis</span> <span class='ocrx_word' id='word_1_174' title='bbox 872 1503 1142 1545; x_wconf 89' lang='lat' dir='ltr'>caerimoniis</span> <span class='ocrx_word' id='word_1_175' title='bbox 1175 1504 1390 1545; x_wconf 87' lang='lat' dir='ltr'>consuetis</span> <span class='ocrx_word' id='word_1_176' title='bbox 1423 1504 1505 1545; x_wconf 90' lang='lat' dir='ltr'>sol-</span> 
     </span>
     <span class='ocr_line' id='line_1_26' title="bbox 154 1562 1504 1617; baseline -0.001 -13"><span class='ocrx_word' id='word_1_177' title='bbox 154 1563 426 1604; x_wconf 88' lang='lat' dir='ltr'>lemnitatem</span> <span class='ocrx_word' id='word_1_178' title='bbox 452 1563 702 1617; x_wconf 85' lang='lat' dir='ltr'>nuptiarum</span> <span class='ocrx_word' id='word_1_179' title='bbox 727 1563 771 1603; x_wconf 92' lang='lat' dir='ltr'>in</span> <span class='ocrx_word' id='word_1_180' title='bbox 803 1563 1010 1604; x_wconf 88' lang='lat' dir='ltr'>conviviis</span> <span class='ocrx_word' id='word_1_181' title='bbox 1045 1565 1087 1603; x_wconf 89' lang='lat' dir='ltr'>et</span> <span class='ocrx_word' id='word_1_182' title='bbox 1119 1562 1504 1603; x_wconf 86' lang='lat' dir='ltr'>comessationibus</span> 
     </span>
     <span class='ocr_line' id='line_1_27' title="bbox 151 1620 1559 1676; baseline -0.003 -14"><span class='ocrx_word' id='word_1_183' title='bbox 151 1622 355 1676; x_wconf 88' lang='lat' dir='ltr'>tripudiis</span> <span class='ocrx_word' id='word_1_184' title='bbox 394 1624 437 1662; x_wconf 88' lang='lat' dir='ltr'>et</span> <span class='ocrx_word' id='word_1_185' title='bbox 472 1621 718 1663; x_wconf 87' lang='lat' dir='ltr'>hastiludiis</span> <span class='ocrx_word' id='word_1_186' title='bbox 757 1623 800 1662; x_wconf 91' lang='lat' dir='ltr'>et</span> <span class='ocrx_word' id='word_1_187' title='bbox 844 1621 941 1662; x_wconf 89' lang='lat' dir='ltr'>aliis</span> <span class='ocrx_word' id='word_1_188' title='bbox 979 1620 1092 1662; x_wconf 90' lang='lat' dir='ltr'>ludis</span> <span class='ocrx_word' id='word_1_189' title='bbox 1135 1623 1177 1661; x_wconf 88' lang='lat' dir='ltr'>et</span> <span class='ocrx_word' id='word_1_190' title='bbox 1219 1621 1390 1662; x_wconf 89' lang='lat' dir='ltr'>solaciis</span> <span class='ocrx_word' id='word_1_191' title='bbox 1429 1621 1505 1662; x_wconf 92' lang='lat' dir='ltr'>im·</span> <span class='ocrx_word' id='word_1_192' title='bbox 1524 1633 1559 1658; x_wconf 84' lang='lat'>25</span> 
     </span>
     <span class='ocr_line' id='line_1_28' title="bbox 152 1679 1506 1734; baseline -0.001 -13"><span class='ocrx_word' id='word_1_193' title='bbox 152 1681 359 1734; x_wconf 88' lang='lat' dir='ltr'>perialem</span> <span class='ocrx_word' id='word_1_194' title='bbox 397 1680 670 1721; x_wconf 89' lang='lat' dir='ltr'>maiestatem</span> <span class='ocrx_word' id='word_1_195' title='bbox 709 1679 1038 1721; x_wconf 86' lang='lat' dir='ltr'>condecentibus</span> <span class='ocrx_word' id='word_1_196' title='bbox 1081 1681 1218 1720; x_wconf 88' lang='lat' dir='ltr'>totam</span> <span class='ocrx_word' id='word_1_197' title='bbox 1256 1679 1369 1720; x_wconf 91' lang='lat' dir='ltr'>diem</span> <span class='ocrx_word' id='word_1_198' title='bbox 1410 1694 1506 1720; x_wconf 86' lang='lat' dir='ltr'>cum</span> 
     </span>
     <span class='ocr_line' id='line_1_29' title="bbox 154 1738 1505 1792; baseline -0.001 -12"><span class='ocrx_word' id='word_1_199' title='bbox 154 1739 478 1781; x_wconf 87' lang='lat' dir='ltr'>continuatione</span> <span class='ocrx_word' id='word_1_200' title='bbox 504 1739 789 1792; x_wconf 89' lang='lat' dir='ltr'>plurimorum</span> <span class='ocrx_word' id='word_1_201' title='bbox 810 1738 1080 1792; x_wconf 88' lang='lat' dir='ltr'>sequentium</span> <span class='ocrx_word' id='word_1_202' title='bbox 1101 1738 1266 1779; x_wconf 88' lang='lat' dir='ltr'>dierum</span> <span class='ocrx_word' id='word_1_203' title='bbox 1294 1738 1505 1780; x_wconf 88' lang='lat' dir='ltr'>deducens</span> 
     </span>
     <span class='ocr_line' id='line_1_30' title="bbox 156 1797 1507 1851; baseline -0.002 -11"><span class='ocrx_word' id='word_1_204' title='bbox 156 1798 424 1840; x_wconf 87' lang='lat' dir='ltr'>sollemniter</span> <span class='ocrx_word' id='word_1_205' title='bbox 449 1797 681 1839; x_wconf 89' lang='lat' dir='ltr'>honorifice</span> <span class='ocrx_word' id='word_1_206' title='bbox 710 1800 751 1839; x_wconf 91' lang='lat' dir='ltr'>et</span> <span class='ocrx_word' id='word_1_207' title='bbox 778 1798 1052 1838; x_wconf 88' lang='lat' dir='ltr'>celeberrime</span> <span class='ocrx_word' id='word_1_208' title='bbox 1077 1798 1228 1851; x_wconf 86' lang='lat' dir='ltr'>peragi</span> <span class='ocrx_word' id='word_1_209' title='bbox 1250 1797 1507 1850; x_wconf 88' lang='lat' dir='ltr'>procuravit.</span> 
     </span>
    </p>

    <p class='ocr_par' dir='ltr' id='par_1_5' title="bbox 85 1854 1559 1969">
     <span class='ocr_line' id='line_1_31' title="bbox 85 1854 1506 1910; baseline 0.001 -16"><span class='ocrx_word' id='word_1_210' title='bbox 85 1854 138 1894; x_wconf 77' lang='lat'>12</span> <span class='ocrx_word' id='word_1_211' title='bbox 271 1856 379 1897; x_wconf 88' lang='lat' dir='ltr'>Post</span> <span class='ocrx_word' id='word_1_212' title='bbox 404 1856 510 1898; x_wconf 89' lang='lat' dir='ltr'>haec</span> <span class='ocrx_word' id='word_1_213' title='bbox 541 1856 728 1910; x_wconf 89' lang='lat' dir='ltr'>peractis</span> <span class='ocrx_word' id='word_1_214' title='bbox 762 1856 926 1897; x_wconf 87' lang='lat' dir='ltr'>duobus</span> <span class='ocrx_word' id='word_1_215' title='bbox 953 1856 1021 1897; x_wconf 90' lang='lat' dir='ltr'>vel</span> <span class='ocrx_word' id='word_1_216' title='bbox 1053 1856 1191 1896; x_wconf 86' lang='lat' dir='ltr'>tribus</span> <span class='ocrx_word' id='word_1_217' title='bbox 1218 1855 1436 1896; x_wconf 87' lang='lat' dir='ltr'>mensibus</span> <span class='ocrx_word' id='word_1_218' title='bbox 1463 1858 1506 1896; x_wconf 89' lang='lat' dir='ltr'>et</span> 
     </span>
     <span class='ocr_line' id='line_1_32' title="bbox 153 1913 1559 1969; baseline -0.002 -13"><span class='ocrx_word' id='word_1_219' title='bbox 153 1916 197 1956; x_wconf 90' lang='lat' dir='ltr'>in</span> <span class='ocrx_word' id='word_1_220' title='bbox 225 1915 395 1957; x_wconf 89' lang='lat' dir='ltr'>solaciis</span> <span class='ocrx_word' id='word_1_221' title='bbox 428 1916 764 1969; x_wconf 88' lang='lat' dir='ltr'>congruentibus</span> <span class='ocrx_word' id='word_1_222' title='bbox 791 1914 984 1956; x_wconf 89' lang='lat' dir='ltr'>deductis</span> <span class='ocrx_word' id='word_1_223' title='bbox 1011 1916 1270 1954; x_wconf 90' lang='lat' dir='ltr'>mercatores</span> <span class='ocrx_word' id='word_1_224' title='bbox 1296 1913 1505 1967; x_wconf 88' lang='lat' dir='ltr'>praedicti</span> <span class='ocrx_word' id='word_1_225' title='bbox 1524 1925 1559 1950; x_wconf 85' lang='lat'>30</span> 
     </span>
    </p>
   </div>
   <div class='ocr_carea' id='block_1_4' title="bbox 149 2038 1506 2133">
    <p class='ocr_par' dir='ltr' id='par_1_6' title="bbox 149 2038 1506 2133">
     <span class='ocr_line' id='line_1_33' title="bbox 247 2038 1506 2086; baseline -0.005 -9"><span class='ocrx_word' id='word_1_226' title='bbox 247 2047 266 2077; x_wconf 78' lang='lat'>2</span> <span class='ocrx_word' id='word_1_227' title='bbox 292 2054 360 2086; x_wconf 88' lang='lat' dir='ltr'>per</span> <span class='ocrx_word' id='word_1_228' title='bbox 390 2041 566 2076; x_wconf 87' lang='lat' dir='ltr'>nunccios</span> <span class='ocrx_word' id='word_1_229' title='bbox 600 2053 683 2076; x_wconf 87' lang='lat' dir='ltr'>suos</span> <span class='ocrx_word' id='word_1_230' title='bbox 719 2042 757 2076; x_wconf 92' lang='lat' dir='ltr'>et</span> <span class='ocrx_word' id='word_1_231' title='bbox 786 2041 933 2075; x_wconf 84' lang='lat' dir='ltr'>litteras</span> <span class='ocrx_word' id='word_1_232' title='bbox 965 2040 1024 2083; x_wconf 84' lang='lat' dir='ltr'>D,</span> <span class='ocrx_word' id='word_1_233' title='bbox 1058 2050 1125 2084; x_wconf 89' lang='lat' dir='ltr'>per</span> <span class='ocrx_word' id='word_1_234' title='bbox 1152 2050 1236 2073; x_wconf 89' lang='lat' dir='ltr'>suos</span> <span class='ocrx_word' id='word_1_235' title='bbox 1262 2038 1439 2072; x_wconf 88' lang='lat' dir='ltr'>nunccios</span> <span class='ocrx_word' id='word_1_236' title='bbox 1467 2039 1506 2072; x_wconf 86' lang='lat' dir='ltr'>et</span> 
     </span>
     <span class='ocr_line' id='line_1_34' title="bbox 149 2085 1502 2133; baseline -0.002 -10"><span class='ocrx_word' id='word_1_237' title='bbox 149 2089 296 2123; x_wconf 86' lang='lat' dir='ltr'>litteras</span> <span class='ocrx_word' id='word_1_238' title='bbox 318 2089 364 2124; x_wconf 93' lang='lat' dir='ltr'>F.</span> <span class='ocrx_word' id='word_1_239' title='bbox 452 2094 472 2124; x_wconf 88' lang='lat'><strong>3</strong></span> <span class='ocrx_word' id='word_1_240' title='bbox 492 2088 583 2123; x_wconf 84' lang='lat' dir='ltr'>fecit</span> <span class='ocrx_word' id='word_1_241' title='bbox 601 2089 651 2131; x_wconf 77' lang='lat' dir='ltr'>D,</span> <span class='ocrx_word' id='word_1_242' title='bbox 673 2089 773 2133; x_wconf 89' lang='lat' dir='ltr'>cepit</span> <span class='ocrx_word' id='word_1_243' title='bbox 787 2088 833 2122; x_wconf 87' lang='lat' dir='ltr'>F.</span> <span class='ocrx_word' id='word_1_244' title='bbox 921 2086 1143 2131; x_wconf 87' lang='lat' dir='ltr'>sollempnia</span> <span class='ocrx_word' id='word_1_245' title='bbox 1159 2086 1209 2129; x_wconf 84' lang='lat' dir='ltr'>D,</span> <span class='ocrx_word' id='word_1_246' title='bbox 1231 2085 1438 2129; x_wconf 80' lang='lat' dir='ltr'>solempnia</span> <span class='ocrx_word' id='word_1_247' title='bbox 1455 2085 1502 2120; x_wconf 88' lang='lat' dir='ltr'>F.</span> 
     </span>
    </p>
   </div>
   <div class='ocr_carea' id='block_1_5' title="bbox 150 2131 1502 2274">
    <p class='ocr_par' dir='ltr' id='par_1_7' title="bbox 150 2131 1502 2274">
     <span class='ocr_line' id='line_1_35' title="bbox 151 2131 1502 2180; baseline -0.004 -10"><span class='ocrx_word' id='word_1_248' title='bbox 151 2140 171 2170; x_wconf 91' lang='lat'>8</span> <span class='ocrx_word' id='word_1_249' title='bbox 200 2135 459 2180; x_wconf 82' lang='lat' dir='ltr'>sollempniter</span> <span class='ocrx_word' id='word_1_250' title='bbox 478 2137 576 2171; x_wconf 81' lang='lat' dir='ltr'>codd.</span> <span class='ocrx_word' id='word_1_251' title='bbox 679 2140 720 2169; x_wconf 87' lang='lat'>13</span> <span class='ocrx_word' id='word_1_252' title='bbox 746 2135 900 2169; x_wconf 86' lang='lat' dir='ltr'>iuvenes</span> <span class='ocrx_word' id='word_1_253' title='bbox 921 2135 959 2168; x_wconf 89' lang='lat' dir='ltr'>et</span> <span class='ocrx_word' id='word_1_254' title='bbox 977 2134 1035 2176; x_wconf 85' lang='lat' dir='ltr'>D,</span> <span class='ocrx_word' id='word_1_255' title='bbox 1063 2135 1100 2168; x_wconf 88' lang='lat' dir='ltr'>et</span> <span class='ocrx_word' id='word_1_256' title='bbox 1123 2144 1188 2168; x_wconf 86' lang='lat' dir='ltr'>om.</span> <span class='ocrx_word' id='word_1_257' title='bbox 1211 2134 1257 2168; x_wconf 87' lang='lat' dir='ltr'>F.</span> <span class='ocrx_word' id='word_1_258' title='bbox 1342 2131 1502 2175; x_wconf 83' lang='lat' dir='ltr'>&#39;hylares</span> 
     </span>
     <span class='ocr_line' id='line_1_36' title="bbox 151 2178 1501 2224; baseline -0.004 -7"><span class='ocrx_word' id='word_1_259' title='bbox 151 2184 251 2218; x_wconf 84' lang='lat' dir='ltr'>codd.</span> <span class='ocrx_word' id='word_1_260' title='bbox 375 2187 417 2217; x_wconf 85' lang='grc'>16</span> <span class='ocrx_word' id='word_1_261' title='bbox 451 2183 538 2216; x_wconf 86' lang='lat' dir='ltr'>dum</span> <span class='ocrx_word' id='word_1_262' title='bbox 563 2183 682 2224; x_wconf 69' lang='lat' dir='ltr'>codd,</span> <span class='ocrx_word' id='word_1_263' title='bbox 716 2192 799 2215; x_wconf 89' lang='lat' dir='ltr'>cum</span> <span class='ocrx_word' id='word_1_264' title='bbox 832 2182 975 2216; x_wconf 75' lang='lat' dir='ltr'>conieci.</span> <span class='ocrx_word' id='word_1_265' title='bbox 1099 2184 1143 2215; x_wconf 82' lang='lat'>23</span> <span class='ocrx_word' id='word_1_266' title='bbox 1183 2178 1501 2223; x_wconf 86' lang='lat' dir='ltr'>sollempnitatem</span> 
     </span>
     <span class='ocr_line' id='line_1_37' title="bbox 150 2226 1502 2274; baseline -0.003 -10"><span class='ocrx_word' id='word_1_267' title='bbox 150 2228 369 2274; x_wconf 88' lang='lat' dir='ltr'>nupciarum</span> <span class='ocrx_word' id='word_1_268' title='bbox 400 2231 500 2264; x_wconf 84' lang='lat' dir='ltr'>codd.</span> <span class='ocrx_word' id='word_1_269' title='bbox 599 2233 641 2263; x_wconf 82' lang='lat'>27</span> <span class='ocrx_word' id='word_1_270' title='bbox 677 2227 915 2272; x_wconf 88' lang='lat' dir='ltr'>sequencium</span> <span class='ocrx_word' id='word_1_271' title='bbox 947 2228 1048 2263; x_wconf 85' lang='lat' dir='ltr'>codd.</span> <span class='ocrx_word' id='word_1_272' title='bbox 1153 2227 1339 2261; x_wconf 86' lang='lat' dir='ltr'>deducens</span> <span class='ocrx_word' id='word_1_273' title='bbox 1370 2226 1502 2270; x_wconf 77' lang='lat' dir='ltr'>scripsi</span> 
     </span>
    </p>
   </div>
   <div class='ocr_carea' id='block_1_6' title="bbox 147 2272 1427 2321">
    <p class='ocr_par' dir='ltr' id='par_1_8' title="bbox 147 2272 1427 2321">
     <span class='ocr_line' id='line_1_38' title="bbox 147 2272 1427 2321; baseline -0.004 -10"><span class='ocrx_word' id='word_1_274' title='bbox 147 2287 217 2321; x_wconf 79' lang='lat' dir='ltr'>pro</span> <span class='ocrx_word' id='word_1_275' title='bbox 243 2278 404 2312; x_wconf 77' lang='lat' dir='ltr'>codicum</span> <span class='ocrx_word' id='word_1_276' title='bbox 428 2278 613 2320; x_wconf 78' lang='lat' dir='ltr'>scriptura</span> <span class='ocrx_word' id='word_1_277' title='bbox 638 2275 874 2310; x_wconf 79' lang='lat' dir='ltr'>deducentes,</span> <span class='ocrx_word' id='word_1_278' title='bbox 972 2279 1016 2309; x_wconf 82' lang='lat'>28</span> <span class='ocrx_word' id='word_1_279' title='bbox 1045 2273 1302 2319; x_wconf 85' lang='lat' dir='ltr'>sollempniter</span> <span class='ocrx_word' id='word_1_280' title='bbox 1326 2272 1427 2307; x_wconf 82' lang='lat' dir='ltr'>codd.</span> 
     </span>
    </p>
   </div>
  </div>
 </body>
</html>
