1583 2552
715 119 977 160 -6-

172 229 214 268 et
240 226 425 280 amplius
452 226 498 266 in
524 224 686 266 deliciis
715 225 1013 267 educaverunt.
1057 225 1169 267 Puer
1193 229 1336 268 autem
1362 227 1520 281 puerili

170 299 288 327 more
321 284 372 326 de
405 286 527 326 tanta
558 284 859 338 procuratione
891 284 1000 325 bene
1039 287 1265 326 contentus
1299 285 1349 326 de
1381 288 1519 328 matre
1567 305 1579 352 ιγ

170 344 383 386 modicum
417 343 735 385 sollicitabatur
766 358 843 384 nec
876 343 1052 385 curavit.
1568 341 1580 398 t*

122 401 146 442 8
285 401 426 444 Mater
462 417 562 444 vero
603 402 762 444 amisso
801 402 890 443 filio
930 403 1071 456 coepit
1109 403 1210 444 flere
1249 403 1518 445 amarissime
1569 378 1581 450 il

171 464 214 503 et
235 462 379 503 dolere
407 464 449 503 et
474 462 677 516 plangere
704 461 881 515 planctu
907 475 1065 516 magno
1093 461 1253 503 dicens:
1287 461 1337 503 eO
1358 462 1418 503 mi
1443 462 1519 516 fili,
1537 447 1573 499 5¹:

165 523 342 575 propter
381 523 424 562 te
456 521 648 561 natalem
686 520 873 574 patriam
911 520 1117 574 dereliqui
1150 524 1351 574 parentes
1391 523 1518 563 notos
1572 516 1574 532 ³

168 582 210 621 et
252 579 412 621 amicos
458 579 550 621 ullo
602 579 727 620 modo
772 579 917 621 videre
966 593 1053 620 non
1097 580 1243 621 curavi
1287 583 1329 622 et
1373 594 1519 621 eorum
1574 596 1575 603 ¹

169 641 346 693 propter
390 641 432 680 te
478 639 631 680 orbata
675 638 890 680 solacione
933 640 1074 679 tecum
1124 639 1168 679 in
1219 639 1346 680 exilio
1384 639 1519 680 vit‘am

166 697 291 738 finire
331 697 573 739 deliberavi.
637 696 761 739 Nunc
801 699 945 738 autem
983 711 1064 752 ego
1102 698 1363 752 paupercula
1403 698 1520 739 omni

167 755 321 798 horum
349 771 424 810 spe
451 756 659 797 destituta
686 770 769 810 quo
794 756 1034 797 divertam?
1079 755 1147 797 Ad
1174 757 1360 810 pat-riam
1380 756 1518 797 redire
1538 767 1570 792 10

168 818 210 856 et
236 815 299 856 ibi
325 815 436 856 inter
464 815 624 856 amicos
645 815 781 856 vitam
802 815 918 856 omni
942 815 1104 856 solacio
1132 815 1340 856 destituta
1367 814 1518 856 ducere

168 873 270 928 quid
316 873 433 914 aliud
478 877 591 915 esset
634 889 762 929 quam
806 874 935 915 morti
983 873 1148 915 aditum
1187 874 1361 916 cottidie
1400 888 1519 928 prae·

166 933 350 986 parare?
406 932 559 974 Melius
600 936 665 974 est
703 933 809 973 mihi
847 933 960 973 inter
996 933 1167 988 ignotos
1211 938 1253 974 et
1293 936 1517 974 extraneos

164 992 316 1033 mortis
350 991 579 1045 imperium
611 992 886 1046 praestolari,
925 1006 1032 1046 quae
1065 994 1113 1033 ut
1152 1006 1275 1046 spero
1308 992 1379 1033 hic
1410 991 1518 1032 mihi

165 1050 292 1091 citius
318 1050 471 1104 rapiet,
497 1051 570 1092 ubi
596 1051 714 1091 nullo
741 1050 908 1092 reficior
935 1050 1107 1103 solacio,
1141 1065 1268 1105 quam
1298 1051 1342 1092 in
1362 1050 1515 1104 patria,
1537 1059 1569 1085 15

163 1109 239 1150 ubi
279 1109 462 1150 fortasse
505 1110 648 1164 aliquo
693 1110 929 1151 amicorum
974 1109 1120 1150 adiuta
1164 1109 1381 1163 praesidio
1426 1109 1517 1150 eius

163 1182 336 1221 possem
377 1167 540 1209 diutius
583 1169 812 1209 adventum
852 1167 1147 1221 praestolare'.
1206 1168 1285 1209 His
1329 1171 1371 1209 et
1409 1169 1516 1209 eius-

165 1227 282 1268 modi
319 1227 566 1281 planctibus
604 1227 760 1268 fortius
801 1230 843 1268 et
883 1227 1053 1280 saepius
1094 1227 1302 1268 revolutis
1344 1227 1518 1268 tandem

164 1287 426 1340 paupercula
475 1286 525 1327 de
580 1286 659 1327 filii
702 1286 1027 1339 recuperatione
1078 1285 1305 1339 desperata
1354 1286 1516 1327 victum

165 1345 382 1399 manibus,
425 1347 473 1386 ut
504 1344 622 1398 prius
657 1347 953 1398 consueverat,
986 1345 1199 1398 quaesivit
1232 1347 1273 1385 et
1306 1344 1441 1385 vitam
1472 1345 1517 1384 in
1536 1353 1570 1379 20

165 1404 367 1445 continuo
406 1404 583 1457 planctu
622 1406 664 1444 et
696 1417 888 1445 maerore
926 1417 1002 1457 per
1039 1403 1182 1456 plures
1216 1417 1350 1444 annos
1384 1402 1516 1443 duxit.

118 1460 142 1500 9
283 1462 475 1503 Tandem
513 1462 686 1516 reprobi
724 1464 983 1503 mercatores
1029 1461 1238 1515 praedicti
1275 1462 1516 1515 cogitatum

164 1536 288 1562 suum
320 1521 561 1576 malignum
593 1521 644 1562 ad
678 1520 875 1562 effectum
913 1520 1142 1574 perducere
1175 1523 1422 1574 satagentes
1454 1535 1516 1561 re-

165 1579 344 1621 collecta
387 1580 562 1621 navium
613 1579 889 1620 multitudine
937 1579 990 1620 ad
1035 1583 1210 1633 portum
1256 1578 1515 1620 Graecorum

165 1638 386 1692 applicant
434 1638 578 1692 ibique
630 1636 963 1679 Constantinum
1012 1652 1192 1691 puerum
1248 1637 1515 1691 praedictum
1534 1646 1568 1671 25

164 1696 357 1738 vestibus
408 1696 670 1738 ornamentis
721 1700 763 1737 et
808 1696 1088 1750 apparatibus
1132 1696 1262 1751 regiis
1309 1697 1515 1737 amictum

166 1769 308 1796 secum
356 1755 622 1797 adduxerunt
667 1757 709 1796 et
751 1755 925 1796 nuntios
972 1755 1046 1809 qui
1091 1755 1322 1796 adventum
1366 1769 1513 1796 eorum

166 1828 262 1855 cum
305 1814 420 1856 dicto
465 1829 595 1868 puero
642 1814 894 1868 imperatori
944 1812 1204 1855 Graecorum
1253 1813 1513 1866 nuntiarent,

262 1969 281 1999 6
309 1965 491 2009 dereliqui
517 1965 565 2008 F,
593 1965 734 2008 deliqui
759 1965 807 2000 D.
908 1969 926 1998 7
953 1963 1030 1998 ullo
1057 1965 1132 2008 ipse
1157 1965 1302 1999 conieci.
1348 1969 1369 1998 a
1389 1967 1450 1998 ff>
1476 1963 1515 1997 D

167 2013 354 2056 (animm),
383 2018 405 2047 a
430 2012 540 2047 modo
568 2013 614 2048 F.
660 2013 849 2054 Fortasse,
882 2012 989 2046 etiam.
1017 2011 1204 2046 verborum
1229 2012 1411 2055 positione
1436 2022 1513 2045 mu·

165 2062 244 2092 tata
277 2061 329 2093 sic
360 2061 587 2095 scribendum
617 2063 684 2094 est:
718 2069 793 2093 non
828 2057 954 2093 curavi
985 2058 1062 2092 ullo
1094 2058 1205 2092 modo
1235 2057 1371 2091 videre.
1471 2061 1513 2091 12

167 2104 335 2139 additum
355 2108 455 2141 codd.
554 2105 709 2140 cottidie
731 2107 829 2141 codd.
930 2109 974 2139 14
994 2106 1031 2139 et
1054 2109 1095 2140 15
1122 2105 1237 2140 Verba
1262 2104 1323 2138 hic
1349 2104 1443 2138 mihi
1469 2124 1512 2129 —

167 2162 277 2195 quam
303 2163 368 2188 om.
395 2153 441 2187 F.
566 2158 608 2188 17
641 2152 870 2198 praestolare
904 2153 1003 2187 codd.
1035 2153 1188 2193 fortasse
1219 2153 1326 2186 etiam
1351 2152 1415 2186 hoc
1440 2152 1514 2186 loeo

166 2202 207 2232 ut
231 2210 345 2243 supra
370 2201 597 2235 scribendum
623 2204 673 2235 est
697 2198 929 2245 praestolari.
959 2219 1000 2223 —
1028 2198 1110 2232 Hiis
1137 2200 1237 2234 codd.
1349 2199 1408 2241 23)
1431 2201 1515 2242 post

166 2246 353 2280 recolecta
379 2246 419 2280 F
447 2246 487 2280 in
514 2249 640 2283 inserit
665 2248 759 2292 quod
784 2247 878 2282 deest
902 2247 943 2281 in
968 2246 1017 2280 D.
1141 2250 1183 2281 27
1209 2244 1386 2280 nunccios
1413 2246 1512 2280 codd.

167 2296 211 2327 ‘28
237 2292 478 2327 nuncciarent
504 2295 603 2330 codd.
