1583 2552
8 1091 41 1115 10

8 1385 42 1410 15

10 1678 44 1703 20

175 551 281 592 Post
317 550 562 604 passionem
600 549 763 590 domini
802 549 940 590 nostri
971 548 1077 590 Jesu
1109 547 1271 590 Christi
1302 549 1408 590 eius·
1437 548 1460 588 1

59 625 139 665 que
166 609 401 665 gloriosam
425 609 784 650 resurrectionem
805 623 829 649 a
849 608 1031 649 mortuis
1053 610 1095 649 et
1115 608 1409 650 ascensionem

58 670 105 710 in
141 669 306 710 caelum
345 667 605 709 sanctissimi
637 667 841 721 apostoli,
881 681 1094 721 quosquos
1126 667 1242 708 idem
1275 667 1408 708 domi-

57 743 138 768 nus
175 729 322 768 noster
357 726 483 768 Jesus
523 725 722 767 Christus
763 740 842 780 pro
874 726 1138 767 incremento
1171 726 1270 767 fidei
1301 726 1409 767 chri-

60 786 224 828 stianae
250 786 294 827 in
319 785 401 827 hoc
427 785 585 826 mundo
605 785 850 838 reliquerat,
877 788 1054 838 accepta
1074 785 1251 839 spiritus
1273 785 1411 826 sancti

60 845 200 900 gratia
227 844 405 885 eandem
431 844 559 885 fidem
586 845 762 898 eiusque
790 858 956 885 sacram
982 844 1294 897 professionem
1320 845 1408 885 suis

59 919 135 958 per
165 904 414 945 universum
447 903 593 945 orbem
620 903 923 956 plantaverant
949 902 1152 944 doctrinis
1184 905 1226 943 et
1252 902 1410 957 glorio-

61 963 119 1003 sis
151 962 440 1016 irrigaverant
471 962 636 1003 meritis
672 964 714 1003 et
747 961 968 1027 exemplis:
1018 961 1182 1028 Quibus
1215 961 1409 1002 invidens

60 1021 134 1062 ille
174 1021 376 1076 antiquus
414 1021 552 1062 hostis
594 1021 807 1062 bonorum
850 1020 1042 1062 omnium
1082 1020 1283 1062 inimicus
1326 1020 1412 1061 dia-

61 1080 186 1121 bolus
224 1093 347 1134 reges
385 1081 428 1121 et
464 1079 682 1133 principes
725 1094 773 1121 ac
810 1080 1033 1120 universos
1078 1079 1206 1120 huius
1252 1079 1411 1120 saeculi

59 1138 278 1193 praesides
312 1139 513 1181 adversus
544 1139 716 1180 eosdem
748 1137 912 1179 Christi
939 1139 1160 1192 apostolos
1188 1138 1412 1180 suscitavit

61 1199 103 1239 et
128 1197 182 1238 ad
207 1212 355 1239 eorum
387 1198 731 1251 persecutionem
766 1197 946 1238 diversis
974 1211 1074 1237 suae
1107 1196 1305 1238 fallaciae
1332 1197 1412 1238 viis

61 1258 104 1297 et
136 1256 273 1297 modis
311 1256 511 1298 incitavit
543 1270 591 1296 ac
629 1255 804 1296 tandem
842 1255 1051 1309 quosdam
1083 1270 1134 1296 ex
1174 1256 1234 1296 eis
1275 1256 1412 1297 crucis

60 1314 256 1369 patibulo
307 1315 428 1369 affigi
472 1315 679 1369 quosdam
723 1328 822 1355 vero
877 1314 1020 1368 gladio
1072 1314 1263 1368 aliosque
1315 1315 1410 1355 aliis

63 1373 327 1415 diversorum
364 1375 681 1415 tormentorum
713 1373 936 1427 suppliciis
978 1372 1177 1414 interemi
1211 1388 1414 1427 procura-

61 1432 135 1473 vit.
186 1432 305 1473 Inter
337 1447 442 1486 quos
476 1432 657 1487 gloriosi
690 1432 798 1473 caeli
825 1434 867 1472 et
893 1434 1033 1473 terrae
1066 1432 1281 1485 principes
1315 1433 1414 1473 bea·

61 1490 222 1532 tissimi
259 1491 460 1532 videlicet
490 1490 643 1531 Petrus
682 1493 724 1531 et
755 1490 917 1531 Paulus
962 1490 1148 1544 apostoli
1183 1490 1414 1532 orthodoxi

63 1552 105 1590 et
139 1549 377 1590 catholicae
409 1548 509 1590 fidei
539 1549 789 1590 fundatores
821 1549 974 1590 urbem
1000 1548 1183 1590 Romam
1211 1564 1287 1591 suo
1320 1564 1414 1603 pre-

62 1608 175 1649 tioso
204 1608 413 1662 sanguine
446 1610 489 1648 et
516 1608 722 1662 martyrio
756 1622 833 1662 pro
861 1607 1050 1649 eiusdem
1083 1608 1245 1649 domini
1275 1608 1416 1650 nostri

63 1665 169 1707 Jesu
202 1665 364 1708 Christi
403 1666 485 1707 fide
524 1669 566 1708 et
598 1666 865 1708 confessione
902 1670 1205 1708 consecrarunt
1238 1681 1286 1708 ac
1319 1682 1415 1708 ean-

64 1725 161 1766 dem
186 1739 274 1766 non
302 1726 441 1766 solum
472 1725 741 1779 imperialem
768 1725 918 1766 urbem
945 1725 1018 1766 sed
1045 1728 1088 1766 et
1114 1725 1251 1767 totius
1285 1727 1415 1767 eccle-

64 1783 154 1825 siae
187 1798 236 1824 ac
266 1783 455 1825 eiusdem
487 1783 584 1824 fidei
612 1783 869 1824 christianae
896 1786 1025 1837 caput
1051 1798 1098 1825 ac
1123 1784 1415 1825 universalem

65 1842 209 1884 sedem
248 1842 340 1883 fieri
382 1856 430 1883 ac
467 1842 514 1882 in
558 1844 779 1883 aeternum
817 1857 990 1884 manere
1034 1844 1077 1884 et
1116 1857 1208 1884 esse
1251 1843 1416 1884 dedica-

64 1902 229 1942 verunt.

162 2031 179 2061 1
215 2027 403 2072 Capitum,
435 2039 525 2072 quae
555 2029 597 2063 ifn
628 2028 811 2062 codicibus
837 2038 991 2072 prorsus
1016 2039 1090 2062 non
1125 2028 1415 2072 distinyuuntm,

65 2085 231 2108 nzcmeros
271 2075 347 2119 ipsc
378 2076 518 2110 addidi.
672 2079 690 2109 7
722 2074 960 2118 plantaverat
998 2076 1116 2118 codd,
1153 2074 1419 2119 plantaverant

65 2121 208 2164 scripsi.
303 2126 323 2156 8
343 2121 555 2166 irrigaverit
574 2123 689 2165 codd„
716 2121 964 2166 irrigaverant
987 2122 1130 2165 scripsi.
1228 2126 1270 2156 17
1292 2121 1417 2156 ortho-

68 2178 155 2212 doxi
192 2179 248 2221 D,
283 2180 454 2214 ortodoxi
485 2181 532 2216 F.
675 2185 716 2215 19
753 2179 933 2225 sanguine
970 2181 1098 2215 delevit
1129 2180 1185 2222 D,
1219 2180 1348 2224 saguie
1369 2179 1416 2214 F.

68 2228 113 2260 22
146 2226 284 2270 capud,
315 2237 390 2261 non
415 2229 527 2271 caput
560 2231 601 2262 ut
631 2228 695 2262 hoc
727 2228 801 2263 Ioco
826 2229 878 2263 sic
906 2228 1029 2263 ceteris
1055 2228 1096 2262 in
1121 2228 1304 2263 codicibus
1330 2227 1418 2262 scri-

68 2271 186 2315 bitur,·
211 2274 307 2308 locus
332 2274 374 2308 in
398 2274 436 2307 D
462 2275 595 2309 deletus
620 2278 679 2310 est.

139 2338 253 2364 Incerti
271 2339 403 2365 auctoris
425 2339 460 2365 de
482 2339 680 2365 Constantino
700 2347 817 2372 magno.
1184 2337 1200 2367 1
