1583 2552
640 129 925 170 „18—

108 234 296 289 respexit
327 236 370 275 et
400 236 442 275 te
475 248 615 275 meum
652 235 786 276 totius
826 235 982 276 saeculi
1017 236 1222 278 solacium
1254 237 1359 278 mihi
1392 253 1455 280 re-

109 293 262 335 stituit.
313 291 446 334 Cedat
478 293 528 334 de
561 294 713 335 ceteris
747 309 772 335 a
804 295 929 336 corde
961 309 1056 336 meo
1091 296 1230 336 omnis
1263 297 1456 351 tristitia,

113 353 213 406 quia
255 351 434 407 dragma
477 353 644 406 perdita
685 355 750 394 est
788 353 963 395 inventa
1000 368 1079 395 nec
1116 357 1261 408 potest
1296 355 1455 397 habere

109 411 250 452 locum
287 411 484 466 tristitia,
523 412 596 453 ubi
633 427 836 466 praesens
875 416 940 454 est
978 414 1116 454 omnis
1150 414 1336 468 laetitia3
1381 429 1456 468 per

108 472 163 523 te,
188 470 247 510 fili
274 470 342 523 mi,
371 473 413 511 et
445 485 520 525 per
545 474 665 512 tuum
694 471 923 513 adventum
952 472 1054 513 deus
1086 473 1192 513 mihi
1219 473 1268 514 de
1296 474 1454 515 solacio
1492 479 1508 503 5

109 532 152 569 et
184 529 342 584 gaudio
375 530 472 583 plus
505 530 897 584 incomperabiliter
926 531 1116 572 restituit
1148 546 1276 585 quam
1309 533 1456 573 infelix

108 590 206 628 tuae
250 589 501 642 perditionis
547 604 671 631 casus
717 590 766 630 de
812 590 957 631 dolore
1000 590 1146 631 intulit
1190 592 1306 632 cordi
1348 607 1455 646 meo,

112 648 223 688 unde
251 648 333 688 sibi
359 649 572 703 regratior
597 652 639 690 et
666 664 767 690 suae
794 649 1028 691 immensae
1054 649 1233 703 pietati'.
1272 649 1331 691 Et
1357 665 1455 692 con-

110 720 233 748 versa
271 707 324 748 ad
362 722 539 749 uxorem
572 707 847 750 Constantini
884 709 1023 763 ipsam
1064 709 1261 761 similiter
1299 709 1454 750 osculis

109 768 151 806 et
196 767 463 820 amplexibus
513 768 675 821 recepit
722 768 902 808 dulc-iter
952 768 1062 809 sicut
1109 782 1264 808 nurum
1316 773 1509 823 suam31⁰

110 829 403 867 verumtamen
437 827 548 867 sicut
579 827 629 867 de
667 827 745 867 filii
778 827 1099 881 recuperatione
1132 827 1364 881 gaudebat,
1396 828 1456 869 ita

108 888 149 925 et
186 885 324 926 multo
364 885 502 940 magis
546 885 596 926 de
636 889 784 926 tantae
823 886 1016 941 coniugis
1062 900 1162 927 suae
1202 886 1455 927 adductione

107 944 268 984 scilicet
306 946 482 997 propter
521 960 641 986 suam
686 945 879 999 inopiam
911 948 954 986 et
986 948 1163 999 propter
1196 945 1256 986 rei
1289 946 1455 1000 magni-

105 1003 296 1044 tudinem
318 1018 405 1045 non
432 1004 645 1045 immerito
667 1005 932 1045 tristabatur.
977 1003 1018 1045 N
1022 1019 1119 1045 urus
1142 1007 1284 1045 autem
1305 1004 1453 1045 videns

106 1076 275 1103 socrum
315 1077 436 1103 suam
475 1063 526 1104 de
565 1064 749 1105 adventu
795 1078 870 1104 suo
911 1064 1213 1105 contristatam
1252 1063 1311 1104 sic
1350 1063 1508 1105 allo-15

108 1122 318 1176 quebatur
350 1122 487 1175 ipsam
520 1122 683 1164 dicens:

36 1181 91 1222 29
229 1180 437 1222 tDomina
475 1196 570 1222 mea
608 1182 845 1233 carissima,
889 1182 940 1223 de
979 1182 1163 1223 adventu
1196 1196 1289 1222 meo
1321 1181 1454 1222 nolite

107 1240 372 1292 contristari,
412 1241 548 1282 nolite
587 1241 770 1282 sollicita
808 1256 916 1282 esse:
956 1241 1067 1290 Quid
1099 1240 1453 1282 manducabimus

107 1303 150 1340 et
191 1299 290 1353 quid
332 1299 558 1341 bibemus?
622 1299 712 1341 Scit
750 1300 863 1342 enim
902 1304 1024 1353 pater
1061 1302 1207 1340 noster
1245 1299 1454 1351 caelestis,

107 1359 179 1413 qui
221 1373 299 1400 nos
338 1359 387 1399 de
426 1359 623 1400 manibus
663 1359 906 1414 iniquorum
947 1361 1233 1399 mercatorum
1273 1360 1315 1399 et
1345 1357 1508 1411 peri—20

108 1417 213 1458 culis
242 1417 374 1458 maris
408 1418 618 1472 liberavit,
646 1418 746 1472 quid
772 1418 898 1460 nobis
925 1431 1096 1458 necesse
1117 1417 1183 1457 sit.
1221 1416 1319 1470 Ipse
1340 1416 1453 1457 enim

107 1477 178 1531 qui
221 1477 271 1518 de
310 1477 442 1518 tantis
482 1477 682 1531 periculis
720 1492 799 1519 nos
838 1477 1042 1517 redimere
1088 1475 1254 1517 curavit
1296 1489 1454 1529 nequa-

109 1550 236 1590 quam
268 1536 382 1577 fame
414 1536 652 1578 interficere
687 1536 906 1591 cogitavit,
938 1535 1073 1590 ipsius
1105 1535 1263 1576 etenim
1295 1534 1453 1575 incom-

107 1594 414 1648 prehensibilia
459 1598 560 1636 sunt
604 1596 768 1637 iudicia.
844 1593 911 1636 Sic
951 1609 1052 1649 ergo
1092 1594 1214 1647 illud,
1253 1593 1366 1647 quod
1404 1592 1454 1633 de

108 1655 233 1695 nobis
261 1654 349 1695 eius
385 1654 796 1708 impraescrutabilis
824 1654 991 1695 consilii
1018 1653 1199 1694 altitudo
1233 1651 1454 1706 disposuit,
1477 1661 1510 1685 ‘25

109 1713 350 1755 inevitabili
377 1714 635 1755 necessitate
670 1713 893 1767 adimpleri
924 1712 1035 1753 licet.
1079 1711 1327 1753 Habeamus
1356 1724 1457 1765 ergo

110 1772 364 1826 patientiam
385 1775 428 1813 et
448 1787 543 1814 cum
571 1773 638 1814 dei
665 1772 877 1814 adiutorio
904 1771 1077 1813 tandem
1104 1773 1297 1812 nostram
1318 1783 1459 1810 emen—

112 1831 260 1873 demus
274 1834 587 1886 paupertatem.
613 1831 708 1887 Ego
724 1832 835 1873 enim
852 1831 1032 1872 consilio
1048 1844 1252 1871 manuum
1267 1842 1458 1870 mearum

111 1893 154 1932 et
172 1891 390 1932 laboribus
412 1891 517 1932 meis
539 1906 613 1933 vos
634 1892 790 1933 iuvabo
821 1894 863 1932 et
892 1891 998 1931 bene
1019 1892 1066 1930 ut
1093 1903 1218 1942 spero
1240 1888 1316 1928 deo
1339 1886 1455 1927 adiu-

112 1953 239 1992 vante
266 1950 526 1992 lucrabimus
552 1965 709 2004 panem
735 1952 943 1992 nostrum.
982 1948 1041 1990 Et
1064 1946 1343 1988 nihilominus
1369 1960 1458 1986 non
1477 1956 1512 1981 30

112 2010 286 2051 omnino
314 2023 448 2051 vacua
475 2010 582 2060 veni,
610 2009 682 2050 sed
715 2009 875 2064 aliquid
907 2008 957 2049 de
989 2021 1096 2061 meo,
1128 2021 1210 2060 quo
1243 2005 1457 2046 mediante

206 2130 226 2160 2
254 2137 276 2159 a
296 2126 404 2160 corde
425 2126 475 2169 1),
502 2126 547 2160 de
568 2126 677 2160 corde
698 2126 744 2160 F.
842 2130 862 2159 3
890 2124 1045 2168 dragma
1065 2123 1164 2157 codd.
1187 2122 1252 2165 cfr.
1275 2121 1344 2157 Ev.
1365 2121 1456 2155 Luc.

111 2177 169 2215 15,
196 2177 220 2207 8
238 2183 288 2217 sq.
396 2177 438 2206 15
465 2184 609 2208 socrum
636 2174 735 2208 codd.
848 2176 889 2206 17
916 2170 1113 2205 karissima
1144 2170 1244 2204 codd.
1349 2172 1394 2203 20
1421 2169 1458 2201 et

111 2221 252 2255 addidi.
363 2224 405 2254 21
434 2221 546 2254 maris
572 2220 748 2254 liberavit
774 2219 822 2262 D,
848 2230 914 2253 nos
938 2218 1120 2253 redimere
1147 2217 1290 2252 curavit
1315 2215 1361 2250 F.

113 2272 157 2302 22
183 2278 250 2302 nos
277 2270 360 2302 ante
386 2267 431 2300 de
456 2267 570 2301 tantis
592 2268 718 2312 posuit
743 2266 796 2309 F;
822 2270 964 2301 secutus
988 2276 1067 2300 sum
1092 2264 1245 2300 codicem
1270 2263 1319 2297 D.
1412 2266 1456 2295 30

111 2314 374 2350 nichilominus
401 2314 499 2349 codd.
