1583 2552
87 816 145 857 14

86 1700 141 1740 15

692 125 978 166 -10-

157 235 201 273 et
238 231 474 286 pessimum
511 231 557 271 in
594 233 709 273 terra
746 234 917 285 reptare
957 246 1005 273 ac
1048 231 1132 273 toti
1176 232 1333 286 gaudio
1379 232 1506 274 huius

160 291 318 332 saeculi
339 290 391 331 ad
416 297 615 344 tempora
635 290 750 331 vitae
772 305 872 331 suae
893 291 1067 332 omnino
1089 292 1334 333 renuntiare
1355 292 1508 333 vitam-

159 364 239 403 que
273 363 394 390 suam
426 349 470 389 in
502 348 705 390 continuo
737 349 856 390 luctu
896 352 938 391 et
970 364 1162 391 maerore
1195 350 1430 404 expendere
1463 365 1507 392 se

158 408 287 461 velle,
321 408 357 449 si
388 408 495 449 talia
527 407 787 461 acciderent,
820 408 1064 450 affirmavit.
1115 408 1195 450 His
1224 411 1266 450 et
1299 409 1394 450 aliis
1420 423 1510 450 ver-

159 467 311 508 borum
344 470 387 507 et
420 467 699 508 consiliorum
733 467 1001 508 conflictibus
1039 482 1116 521 per
1147 468 1305 509 multos
1345 468 1434 509 dies
1466 470 1544 509 et5

157 527 306 567 noctes
338 525 499 566 habitis
526 525 871 567 deliberaverunt
895 526 1071 568 tandem
1102 526 1215 567 inter
1247 541 1292 568 se
1324 527 1505 568 aliorum

158 587 306 625 tamen
339 584 422 625 sibi
455 584 647 625 fidelium
679 584 870 626 consiliis
902 599 991 626 non
1023 587 1217 639 expertes
1250 585 1380 640 quod,
1413 600 1509 627 cum

158 643 247 684 iam
286 645 399 684 esset
436 643 481 684 in
518 646 689 684 tantum
726 644 773 684 in
809 643 889 685 hoc
926 643 1041 685 facto
1083 658 1347 699 processum,
1392 645 1509 686 aliud

157 703 407 743 nullatenus
441 702 658 755 expediret
697 717 826 756 quam
862 703 975 756 quod
1008 703 1181 744 omnino
1214 702 1508 745 Romanorum

159 761 433 815 imperatoris
467 762 786 814 obtemperaret
816 762 1030 803 voluntati
1061 761 1105 802 in
1136 761 1217 803 hac
1249 764 1384 815 parte.
1529 774 1561 798 10

279 819 372 868 Qua
398 820 670 861 conclusione
695 820 866 861 consilii
889 821 950 861 sic
976 820 1127 861 habita
1152 821 1387 874 imperator
1413 835 1509 862 cum

158 879 432 932 imperatrice
472 879 616 919 omnia
654 881 909 920 ornamenta
946 894 1052 933 quae
1092 882 1252 921 statum
1284 880 1399 921 filiae
1432 880 1509 921 im-

157 937 372 991 peratoris
405 938 451 978 in
474 938 553 978 tali
586 952 688 979 casu
721 938 917 992 expedire
954 938 1152 979 videntur
1185 942 1228 979 et
1261 939 1508 992 condecent,

159 1011 267 1050 quae
313 997 480 1037 animus
524 997 712 1038 hominis
757 1012 947 1051 unquam
987 997 1228 1051 excogitare
1267 1000 1416 1051 posset
1456 997 1507 1038 de

159 1055 273 1096 vasis
306 1056 499 1096 vestibus
527 1058 570 1096 et
595 1056 693 1097 aliis
726 1056 1063 1110 quibuscumque
1090 1056 1369 1109 apparatibus
1403 1070 1506 1098 auro
1528 1066 1560 1091 15

157 1117 200 1154 et
226 1117 405 1167 argento
433 1118 476 1155 et
502 1115 685 1168 gemmis
712 1114 1037 1168 pretiosissimis
1064 1115 1301 1167 adornatis,
1328 1129 1508 1169 quarum

158 1188 302 1214 rerum
335 1173 523 1214 maxima
555 1174 678 1227 copia
710 1173 871 1214 ibidem
902 1173 1155 1227 habebatur,
1187 1177 1230 1215 et
1256 1174 1341 1215 alia
1372 1174 1508 1215 multa

158 1236 416 1286 praeparata
441 1232 534 1273 fieri
556 1232 777 1273 mandavit
797 1235 839 1273 et
864 1232 967 1273 fecit
992 1246 1068 1286 pro
1088 1232 1242 1273 itinere
1267 1232 1382 1273 filiae
1405 1247 1507 1274 suae

156 1290 369 1332 familiam
408 1292 589 1332 multam
628 1291 787 1332 addens
833 1294 876 1332 et
919 1291 969 1332 de
1007 1291 1221 1332 thesauris
1265 1305 1508 1345 pannorum

157 1349 414 1390 sericeorum
447 1353 491 1391 et
523 1350 705 1391 aliarum
746 1350 1013 1391 infinitarum
1044 1364 1187 1390 rerum
1219 1349 1506 1403 pretiosarum
1526 1361 1560 1385 20

155 1407 521 1450 inaestimabilem
547 1409 847 1462 quantitatem.
895 1408 1064 1450 Interea
1091 1409 1222 1449 etiam
1244 1411 1506 1450 mercatores

155 1467 366 1521 praedicti
400 1467 450 1509 de
482 1468 622 1509 reditu
654 1467 814 1508 ibidem
847 1467 1029 1520 amplius
1066 1466 1260 1509 faciendo
1292 1467 1507 1522 desperati

155 1540 286 1567 naves
309 1541 418 1579 suas,
445 1541 627 1580 quarum
648 1527 881 1567 maximam
902 1529 950 1567 ut
970 1526 1164 1580 praedixi
1184 1526 1505 1567 multitudinem

157 1599 300 1625 secum
339 1585 619 1639 adduxerant,
658 1585 709 1626 de
746 1585 927 1626 infinitis
961 1585 1250 1626 mercimoniis
1282 1584 1503 1626 nobilibus

155 1644 451 1697 impleverunt.
1523 1653 1557 1679 25

274 1702 531 1756 Imperatrix
550 1717 651 1744 vero
679 1703 729 1744 de
750 1717 917 1744 recessu
943 1703 1056 1743 filiae
1078 1716 1180 1743 suae
1199 1702 1326 1743 nimis
1354 1702 1503 1743 dolens

157 1776 205 1802 ac
243 1761 293 1802 de
332 1762 644 1803 mercatoribus
682 1762 930 1815 praedictis,
969 1761 1081 1802 sicut
1115 1764 1312 1802 materna
1342 1761 1505 1802 viscera

155 1820 340 1874 quodam
373 1821 550 1874 speciali
582 1821 773 1875 ingenio,
807 1835 890 1875 quo
919 1823 1075 1861 natura
1106 1823 1266 1861 matres
1298 1834 1375 1873 pro
1408 1834 1503 1861 con-

155 1880 396 1920 servatione
430 1880 521 1933 spei
553 1884 595 1921 et
627 1879 876 1921 educatione
911 1879 1099 1920 filiarum
1130 1878 1387 1933 ingeniavit,
1420 1878 1503 1919 sibi

154 1938 460 1992 patefecerant,
486 1939 770 1993 suspitionem
796 1938 1108 1992 aliquantulam
1133 1937 1294 1977 habens
1324 1936 1504 1978 tradidit
1522 1946 1556 1972 30

154 1997 399 2050 praedictae
431 1997 543 2038 filiae
578 1998 744 2051 private
778 2011 826 2039 ac
858 2010 1108 2050 quocunque
1147 1995 1320 2036 homine
1352 1995 1501 2036 mundi

155 2056 374 2098 nesciente
399 2057 608 2097 nonnulla
640 2057 815 2098 encenia
847 2055 898 2096 de
925 2069 1029 2096 auro
1055 2054 1278 2096 vivissimo
1309 2068 1357 2095 ac
1382 2054 1503 2095 nobi-

250 2210 273 2240 4
297 2205 369 2240 hiis
396 2208 495 2241 codd.
595 2211 615 2242 9
643 2217 681 2241 se
702 2210 787 2251 post
812 2207 910 2250 quod
935 2207 1101 2240 inserunt
1120 2205 1220 2239 codd.
1320 2209 1361 2238 17
1388 2203 1501 2237 habe-

155 2253 216 2286 tur
241 2254 359 2295 codd„
386 2253 594 2287 habebatur
619 2255 770 2289 correoei.
868 2257 911 2287 18
937 2251 1169 2297 praeparatis
1195 2252 1295 2287 codd.
1396 2254 1437 2284 19
1465 2250 1503 2284 et

156 2299 201 2334 de
227 2301 375 2345 scripsi,
402 2301 440 2334 et
465 2301 558 2336 deest
582 2302 623 2336 in
649 2302 748 2336 codd.
846 2305 890 2335 32
918 2311 962 2334 ac
987 2300 1043 2341 D,
1069 2300 1107 2333 et
1132 2299 1177 2334 F.
