1583 2552
56 212 217 253 victum
247 211 443 250 nostrum
476 222 678 263 quaerere
717 207 975 262 poterimus,
1014 207 1167 249 addere
1206 208 1327 263 volo,
1356 222 1409 249 ne

0 268 2 320 l
55 269 183 312 nimis
215 268 362 309 videar
394 282 486 309 esse
519 265 728 309 onerosa'.

173 327 233 369 Et
254 325 482 368 extrahens
503 325 610 367 illud
626 328 926 379 sumptuosum
945 328 987 367 et
1007 326 1151 367 nobile
1174 326 1409 381 encenium,
1424 323 1482 365 30

56 386 169 442 quod
212 386 256 427 in
305 399 475 426 recessu
519 385 698 426 dederat
743 385 825 426 sibi
871 387 1010 426 mater
1056 399 1150 437 sua,
1200 385 1309 426 dixit
1353 386 1409 427 ei:

19 445 183 487 ⁵‘Eoce
221 444 444 486 encenium
482 444 591 491 illud
627 443 824 485 vendatis
865 446 907 484 et
948 443 998 486 de
1036 444 1176 498 pretio
1219 445 1307 486 eius
1349 445 1410 486 in-

54 504 276 546 veniamus
314 502 488 544 modum
530 503 735 557 aliquem,
773 517 849 556 per
888 517 1016 557 quem
1053 504 1290 556 poterimus
1329 518 1409 545 nos

54 561 246 604 nutrire'.
290 561 452 603 Videns
481 564 625 603 autem
651 561 816 603 Helena
849 562 1166 615 pretiositatem
1193 562 1320 604 huius
1347 563 1410 605 rei

55 621 250 675 dubium,
287 620 399 675 quod
427 621 538 662 circa
564 621 701 662 relat-a
726 635 802 675 per
827 620 964 662 filium
993 621 1043 662 de
1066 635 1111 662 re
1138 624 1229 662 tam
1256 622 1410 677 grandi

53 681 173 734 prius
200 680 429 733 habuerat,
463 694 487 720 a
514 694 557 721 se
583 679 723 734 coepit
748 694 968 721 removere
996 682 1039 721 et
1066 680 1270 735 cogitare,
1298 681 1409 736 quod

9 749 37 774 10
54 739 135 781 hoc
160 753 247 780 non
274 741 367 780 erat
392 738 617 780 hominum
642 753 898 793 pauperum,
933 739 1006 780 sed
1033 739 1309 793 imperatoris
1336 742 1411 781 aut

55 810 206 852 regum
250 798 319 839 vel
362 811 619 852 magnorum
661 797 763 838 filiis
810 800 853 839 et
896 798 1068 839 filiabus
1106 798 1215 839 talia
1254 814 1278 840 a
1321 800 1409 840 suis

55 856 308 910 parentibus
342 856 595 897 condonare.
648 855 731 898 Sed
757 860 903 897 tamen
929 857 1045 898 intra
1080 871 1123 898 se
1155 858 1252 911 plus
1281 872 1409 912 quam

55 917 183 956 antea
212 914 362 956 timuit
394 915 612 969 cogitans:
659 914 718 957 ‘Si
750 915 835 956 ista
861 918 927 956 est
953 916 1067 957 tanti
1093 915 1280 957 hominis
1306 917 1410 971 filia,

53 976 102 1014 ut
140 973 244 1015 dicit
281 976 324 1015 et
356 974 461 1015 satis
493 974 601 1015 mihi
634 977 829 1028 apparet,
875 989 956 1028 quo
990 977 1210 1029 comperto
1244 976 1408 1029 poteris

18 1040 34 1066 5
53 1045 140 1073 non
173 1032 312 1073 solum
344 1032 482 1074 filium
516 1032 688 1087 quidem
720 1032 936 1086 perditum
971 1036 1013 1074 et
1045 1033 1268 1075 inventum
1306 1037 1409 1076 tunc

53 1104 152 1132 vere
183 1090 378 1145 perdere,
412 1091 483 1132 sed
516 1095 559 1133 te
588 1094 631 1133 et
657 1106 805 1133 omnes
833 1106 928 1133 cum
959 1093 1113 1147 quibus
1141 1093 1408 1135 conversaris

54 1149 107 1190 ad
144 1149 383 1203 periculum
421 1150 572 1192 mortis
612 1149 741 1193 dare.⁹
806 1150 1115 1193 Verumtamen
1153 1152 1197 1192 in
1236 1153 1408 1194 domino

52 1207 222 1249 firmam
250 1223 370 1262 spem
395 1222 561 1262 ponens
589 1209 697 1250 dixit
723 1209 768 1250 in
795 1210 919 1251 corde
941 1225 1035 1252 suo:
1063 1209 1263 1252 ‘Domine
1293 1211 1408 1263 deus,

54 1266 126 1320 qui
169 1267 287 1307 nosti
332 1267 477 1308 omnia
522 1269 753 1322 antequam
798 1268 924 1323 fiant,
968 1272 1016 1310 tu
1062 1269 1163 1324 scis,
1221 1270 1408 1324 qualiter

16 1333 33 1358 0
54 1327 205 1366 contra
225 1339 396 1366 omnem
415 1325 684 1368 voluntatem
712 1341 852 1368 meam
879 1342 1085 1382 oppressa
1110 1328 1249 1370 filium
1275 1329 1407 1370 istum

52 1381 384 1425 Constantinum
418 1384 469 1425 de
500 1385 586 1426 isto
620 1386 829 1440 sacrilego
868 1387 1129 1441 imperatore
1166 1388 1334 1443 suscepi
1367 1391 1408 1430 et

51 1441 195 1495 ipsum
234 1441 284 1483 de
321 1442 545 1484 laboribus
584 1458 788 1485 manuum
825 1460 1018 1487 mearum
1058 1446 1251 1502 educavi3
1294 1447 1406 1501 quod

52 1513 222 1554 quoque
266 1514 345 1542 nec
389 1505 488 1542 ante
531 1516 609 1543 nec
650 1506 751 1557 post
794 1504 933 1545 virum
985 1505 1171 1559 aliquem
1221 1506 1266 1546 in
1311 1521 1406 1547 con-

54 1558 319 1612 cupiscentia
351 1560 493 1601 carnis
524 1561 644 1616 novi,
677 1561 749 1602 sed
782 1562 881 1617 tibi,
916 1563 1089 1606 domino
1123 1564 1218 1618 deo,
1252 1579 1406 1619 corpus

54 1631 198 1658 meum
235 1618 577 1674 immaculatum,
623 1624 832 1675 quantum
869 1622 914 1662 in
945 1637 1013 1663 me
1044 1623 1146 1677 fuit,
1192 1624 1406 1666 custodire

53 1675 255 1730 cogitavi.
305 1676 387 1718 Sed
420 1678 538 1732 quia,
571 1678 762 1733 domine,
793 1679 899 1722 haee
930 1681 975 1722 in
1001 1696 1069 1723 me
1097 1685 1139 1724 et
1164 1697 1275 1724 nunc
1307 1684 1405 1725 sub·

52 1734 276 1788 sequentia
306 1735 391 1776 ista
422 1737 467 1776 in
505 1737 594 1779 filio
628 1752 723 1779 meo
756 1738 850 1780 fieri
881 1740 1077 1795 voluisti,
1115 1741 1196 1782 tibi
1230 1744 1272 1783 et
1303 1744 1405 1784 tuae

51 1792 285 1834 immensae
311 1794 632 1838 misericordiae
662 1798 910 1840 commendo
939 1801 981 1840 et
1005 1799 1147 1853 ipsum
1179 1803 1221 1841 et
1248 1801 1405 1855 omnia,

51 1864 160 1905 quae
197 1851 248 1893 de
285 1853 410 1894 nobis
449 1854 617 1896 miseris
651 1856 858 1897 creaturis
891 1857 977 1898 tuis
1015 1858 1154 1899 facere
1188 1860 1405 1914 cogitasti,

19 1917 32 1943 Ἰ
52 1909 104 1950 ad
126 1910 323 1952 effectum
344 1912 578 1954 seeundum
605 1914 948 1969 magnitudinem
975 1918 1074 1958 tuae
1101 1917 1402 1960 inenarrabilis

49 1967 227 2021 pietatis
258 1970 572 2023 perducantur'.

146 2087 166 2117 5
193 2085 386 2120 encenium
411 2098 476 2122 om.
503 2088 551 2122 D.
663 2092 683 2122 6
709 2089 922 2132 poteramus
950 2091 1068 2133 codd„
1094 2091 1299 2135 poterimus
1327 2104 1401 2128 cor-

49 2131 139 2164 rexi.
217 2135 260 2166 14
284 2134 326 2167 de
351 2134 389 2168 vi
409 2136 650 2178 pronomimis
676 2146 749 2179 quo
776 2137 939 2182 efnpay.
965 2141 1019 2180 17,
1043 2142 1084 2172 17
1105 2142 1137 2174 et
1164 2142 1219 2182 21,
1247 2143 1278 2175 5.
1356 2145 1400 2175 16

50 2186 136 2212 vere
161 2178 217 2221 D,
243 2189 330 2213 vero
358 2179 406 2215 F.
506 2185 548 2216 18
576 2192 641 2216 suo
668 2193 732 2217 om.
760 2183 808 2219 D.
908 2188 951 2219 23
979 2183 1099 2219 virum
1125 2196 1190 2221 om.
1219 2186 1266 2220 F.
1354 2191 1401 2222 24

51 2221 200 2259 domino
228 2225 297 2260 deo
322 2226 373 2269 D,
399 2227 547 2262 domine
573 2229 663 2263 deus
691 2229 737 2264 F.
820 2235 864 2265 26
892 2230 1040 2265 domine
1066 2243 1132 2268 om.
1161 2232 1206 2268 F.
1291 2237 1335 2269 27
1361 2232 1401 2267 in

49 2268 127 2304 filio
147 2282 206 2306 me
225 2274 338 2317 codd„
363 2285 446 2308 meo
467 2277 616 2311 correxi.
691 2281 733 2311 31
759 2277 1011 2321 perducantur
1029 2279 1080 2325 D,
1105 2280 1330 2325 perducatur
1351 2279 1398 2317 F.

1139 2342 1187 2373 2*
