1583 2552
725 95 984 136 —2—

134 213 160 253 2
303 199 531 242 Crescente
582 215 682 243 vero
736 202 1012 256 postmodum
1064 202 1382 245 sacratissimae
1431 204 1531 246 fidei

184 260 446 301 christianae
473 259 678 313 religione
706 275 754 301 ac
779 261 1029 302 succedente
1055 261 1100 301 in
1127 261 1307 315 imperio
1332 262 1530 305 Romano

183 317 439 360 Constantio
470 319 730 372 imperatore
756 319 951 361 Romano
979 334 1147 373 semper
1172 321 1370 375 Augusto
1395 323 1531 364 totius

183 377 444 432 reipublicae
470 378 757 432 principatum
783 393 861 432 pro
888 381 1081 432 tempore
1103 379 1325 420 obtinente
1348 380 1533 435 contigit

180 437 391 478 Helenam
431 437 661 492 virginem,
704 451 811 492 quae
845 451 894 478 ex
927 437 1146 479 nobilibus
1179 438 1349 492 quidem
1380 451 1557 494 paren-⁵

180 496 296 537 tibus
335 497 565 550 progenita
604 496 654 536 de
694 496 827 550 stirpe
872 497 1138 550 quorundam
1178 497 1389 538 nobilium
1431 498 1532 540 civi-

180 556 284 596 tatis
326 554 599 596 Treverensis
642 555 854 609 originem
895 555 1046 610 traxit,
1092 555 1237 596 venire
1288 556 1340 597 ad
1380 557 1532 598 urbem

179 613 364 655 Romam
397 614 658 667 praedictam
692 629 835 655 amore
865 614 1071 656 visitandi
1102 614 1252 655 limina
1285 618 1531 657 sanctorum

180 672 299 713 Petri
326 676 368 713 et
394 672 518 714 Pauli
552 673 846 726 apostolorum
880 673 1207 727 praedictorum.
1253 671 1361 714 Cum
1388 676 1531 715 autem

180 731 276 786 ipsa
318 730 485 772 Helena
526 735 640 773 esset
682 732 727 772 in
767 731 872 772 urbe
915 732 1128 786 praefata,
1173 732 1374 787 contigit,
1417 733 1565 787 quod1

181 789 461 831 Constantius
494 791 731 844 imperator
768 790 989 844 praefatus
1021 791 1104 832 iter
1135 790 1296 832 faciens
1330 806 1380 832 ex
1411 806 1530 833 more

179 863 255 903 per
294 852 472 903 pontem
511 849 679 891 Tiberis
720 849 830 890 vidit
866 848 1076 890 Helenam
1115 849 1226 890 inter
1264 850 1373 891 alios
1411 865 1530 904 pere-

179 908 326 962 grinos
361 908 443 949 sibi
478 922 578 949 casu
611 910 914 950 occurrentem.
963 908 1022 950 Et
1049 923 1146 950 cum
1177 909 1358 950 intuitus
1391 909 1530 963 ipsam
1578 903 1581 920 ²

178 967 333 1008 fuisset
367 968 540 1022 eiusque
569 967 812 1022 elegantiae
838 966 1200 1021 pulchritudinem
1227 968 1530 1022 conspexisset,
1581 991 1583 1015 [

179 1025 285 1079 ipse,
312 1040 407 1066 cum
435 1028 547 1067 esset
572 1028 689 1067 totus
716 1026 882 1067 deditus
908 1026 1090 1079 libidini,
1116 1026 1160 1067 in
1188 1026 1529 1079 concupientiam
1551 1036 1583 1067 11]

180 1085 269 1125 eius
311 1085 472 1126 exarsit
509 1088 552 1126 et
590 1085 811 1126 mandavit
849 1084 1105 1139 quibusdam
1145 1085 1408 1126 satellitibus
1442 1085 1530 1126 suis

179 1143 339 1184 dicens:
392 1142 644 1197 ‘Sequimini
688 1144 798 1184 hanc
838 1147 881 1185 et
923 1144 966 1184 in
1005 1158 1317 1198 quamcumque
1356 1144 1531 1185 domum

180 1202 425 1257 int-raverit,
458 1203 584 1244 dicite
612 1202 804 1256 domino,
837 1202 948 1256 quod
977 1203 1117 1256 ipsam
1150 1202 1200 1243 de
1233 1203 1358 1243 domo
1386 1217 1463 1243 sua
1490 1205 1532 1244 et

181 1261 394 1314 custodia,
439 1275 658 1315 quousque
697 1261 746 1302 de
788 1261 882 1315 ipsa
920 1261 1031 1302 sicut
1075 1261 1360 1316 cogitavimus
1406 1263 1531 1315 capta

181 1320 509 1374 opportunitate
550 1320 747 1361 ordinare
785 1320 1041 1373 poterimus,
1081 1320 1159 1360 sub
1197 1333 1337 1373 poena
1374 1319 1530 1373 capitis
1550 1330 1580 1354 2(

179 1393 267 1420 non
300 1378 520 1420 dimittat.²
579 1378 660 1427 Qui
693 1381 920 1433 sequentes
958 1379 1098 1432 ipsam
1131 1391 1264 1432 usque
1305 1377 1356 1419 ad
1387 1377 1530 1432 hospi-

179 1437 287 1478 tium
326 1437 439 1492 quod
481 1452 576 1478 cum
615 1437 703 1478 suis
741 1438 978 1478 intraverat
1016 1437 1142 1478 sociis
1184 1436 1347 1490 hospiti
1379 1436 1530 1478 domus

178 1496 222 1537 id
255 1497 367 1550 quod
401 1511 425 1537 a
459 1496 632 1537 domino
660 1510 734 1537 suo
768 1496 813 1537 in
839 1495 1052 1537 mandatis
1080 1497 1336 1549 acceperant
1367 1499 1530 1537 secreto

179 1558 474 1596 narraverunt.
542 1554 711 1608 Hospes
750 1569 851 1596 vero
896 1554 1046 1595 domus
1095 1555 1270 1607 accepto
1314 1554 1530 1607 imperiali

180 1613 383 1655 mandato
404 1613 643 1667 praefatam
664 1612 876 1654 Helenam
900 1613 943 1653 in
957 1612 1152 1654 custodia
1171 1626 1246 1653 sua
1266 1612 1377 1653 clam
1398 1613 1528 1653 susci·
1549 1623 1583 1650 25

177 1671 300 1726 piens
333 1687 386 1713 ne
420 1671 469 1712 de
502 1672 628 1713 domo
663 1687 740 1713 sua
771 1672 987 1713 recederet
1018 1671 1203 1712 sollicite
1236 1670 1479 1712 custodivit.

133 1739 158 1779 3
298 1730 522 1785 Peregrini
560 1733 704 1772 autem
745 1730 819 1771 alii
858 1730 946 1771 eius
980 1729 1167 1771 consocii
1206 1729 1384 1783 expletis
1416 1729 1529 1770 votis

283 1898 302 1928 2
335 1893 408 1938 ipis
440 1893 608 1927 Romano
640 1892 796 1937 imperio
830 1892 876 1926 F.
910 1893 951 1926 in
975 1892 1014 1926 D
1045 1892 1153 1926 verba
1178 1892 1291 1926 deleta
1316 1893 1412 1926 sunt.
1457 1893 1528 1935 spss

179 1942 274 1987 quod
292 1940 384 1985 ipsis
405 1952 479 1975 non
500 1941 648 1984 praebet
667 1951 821 1982 sensum,
848 1951 891 1974 cx
909 1938 1065 1983 imperio
1087 1942 1216 1982 ortum,
1237 1939 1391 1973 alterum
1411 1942 1529 1972 autem

178 1989 273 2032 quod
303 1989 465 2032 sequitur
496 1988 708 2022 vocabulum
739 1985 897 2031 imperio
929 1986 1117 2020 delendum
1142 1996 1213 2020 esse
1244 1986 1389 2019 conieci.
1438 1983 1529 2018 Con-

180 2034 344 2068 stantino
377 2036 476 2070 codd.
533 2033 751 2069 Constantio
784 2034 924 2069 correxi
954 2043 998 2067 ex
1023 2033 1072 2067 eis
1103 2043 1194 2076 quae
1219 2032 1322 2075 infra
1348 2032 1526 2077 leyuntur.

179 2082 214 2124 8)
239 2081 471 2125 praedictam
497 2084 544 2117 εἴη
569 2085 634 2116 aut
660 2085 708 2116 Εὖ
733 2081 780 2115 F.
825 2081 866 2114 in
884 2080 923 2114 D
944 2080 1052 2114 verba
1071 2080 1186 2114 deleta
1209 2082 1305 2113 szmt.
1405 2088 1527 2112 amore

178 2130 253 2172 ipse
273 2129 417 2163 conieci.
543 2132 584 2163 12
605 2127 707 2171 tybis
729 2128 779 2170 D,
804 2127 928 2162 tiberis
948 2126 996 2160 F.
1123 2130 1165 2161 13
1186 2125 1306 2170 ipsam
1325 2124 1459 2159 fuisset
1478 2124 1528 2165 D,

178 2174 311 2209 fuisset
336 2174 456 2219 ipsam
482 2175 529 2209 F.
663 2179 707 2209 14
732 2172 1024 2219 pulcritudinem
1049 2173 1096 2207 F.
1226 2176 1268 2207 19
1296 2171 1400 2206 sicud
1426 2171 1526 2205 codd.

179 2226 220 2256 ut
243 2232 356 2266 saepe.
481 2226 525 2256 20
551 2223 764 2266 poteramus
792 2221 891 2257 codd.
904 2247 913 2264 ,
942 2219 1148 2265 poterimus
1174 2220 1314 2264 scripsi.
1418 2221 1462 2252 26
1491 2218 1529 2251 et

176 2279 224 2303 ne
250 2270 350 2304 codd.
359 2295 370 2312 ,
398 2269 435 2303 et
460 2269 582 2304 delevi.
