1583 2552
605 107 890 147 „11-

72 217 251 260 lissimis
295 215 476 272 gemmis
522 213 895 268 sumptuosissime
940 211 1197 265 composita,
1243 224 1423 264 quorum

72 278 263 320 valorem
294 275 365 317 vix
396 290 482 316 una
512 287 671 328 magna
707 272 849 326 patria
880 284 1158 324 compensare
1199 269 1424 323 potuisset,

73 337 126 378 ad
151 336 275 377 illum
301 335 439 388 finem,
464 335 525 386 ut,
551 333 587 374 si
612 332 862 386 inopinatus
889 329 1127 371 horrendae
1155 328 1423 370 infelicitatis

72 398 270 447 eventus,
308 393 420 448 quod
458 392 591 445 absit,
630 390 840 443 eveniret,
879 392 953 430 aut
986 403 1029 430 se
1062 388 1278 443 ingereret
1310 387 1424 428 votis

36 472 53 499 5
74 455 165 496 eius
197 453 266 495 vel
297 453 335 494 si
372 451 558 493 fortasse
588 451 848 492 mercatores
887 448 973 502 ipsi
1006 448 1196 502 aliquam
1228 446 1424 488 fraudem

72 513 139 555 vel
176 511 473 565 deceptionem
511 510 814 564 inpermissam
858 507 1165 549 confinxissent
1206 509 1281 547 aut
1323 520 1425 560 quo-

72 585 237 625 cunque
263 570 390 612 modo
418 584 542 611 casus
567 567 838 610 necessitatis
863 567 931 608 vel
956 566 1137 620 periculi
1164 565 1426 617 accederent,

72 631 168 684 ipsa
194 630 244 671 de
271 629 484 670 dictorum
511 627 786 669 enceniorum
811 626 951 681 pretio
986 625 1070 666 sibi
1102 628 1249 678 posset
1285 623 1425 679 quoad

72 690 186 730 vitae
207 687 568 730 sustentationem
582 686 804 729 consulere
826 699 874 727 ac
895 684 1027 725 etiam
1046 683 1225 738 provide
1243 697 1425 737 pauper-

21 767 54 792 10
74 748 178 790 tatis
210 748 359 802 iugum
388 761 413 788 a
439 761 484 788 se
516 747 726 788 discutere
752 747 795 786 et
826 744 995 798 fugare,
1028 743 1253 796 impellens
1286 743 1425 796 ipsam

74 806 233 849 seriose
271 808 315 848 et
351 805 544 847 districte
583 808 631 846 ut
668 804 783 845 dicta
821 803 996 845 encenia
1031 802 1143 855 apud
1182 816 1226 842 se
1257 801 1320 843 ita
1353 802 1425 842 ab·

75 866 300 908 sconderet
333 879 382 906 ac
414 865 545 906 etiam
579 864 832 917 occultaret,
864 862 976 916 quod
1007 861 1091 902 nisi
1123 875 1245 902 casus
1278 863 1425 902 tantae

72 924 346 966 necessitatis
385 924 624 976 accederet,
662 925 711 964 ut
741 921 953 976 praedixi,
987 920 1098 961 nulli
1129 935 1318 973 unquam
1350 920 1424 961 ho-

73 983 181 1025 mini
212 983 374 1025 viventi
415 983 466 1024 de
496 983 564 1024 his
598 996 729 1023 unum
762 981 939 1022 verbum
978 978 1278 1034 quoquomodo
1310 993 1426 1020 reve-

20 1044 193 1086 15la1'ef1.
255 1041 377 1091 Quod
415 1056 459 1083 se
496 1042 591 1096 ipsa
621 1041 709 1082 filia
746 1040 959 1081 facturam
993 1039 1167 1080 omnino
1201 1038 1331 1079 matri
1363 1052 1426 1078 re-

73 1101 284 1156 promisit.

193 1160 358 1210 Quibus
382 1160 581 1201 omnibus
609 1159 669 1200 sic
690 1159 873 1213 peractis
902 1161 944 1199 et
970 1158 1036 1198 die
1065 1158 1117 1198 ad
1144 1156 1425 1198 recedendum
1444 1153 1496 1195 16

73 1219 264 1273 praefixa
295 1219 546 1260 adveniente
578 1221 839 1259 mercatores
875 1217 1083 1271 praedicti
1120 1217 1426 1270 imperatorem

75 1278 272 1320 adierunt
308 1277 496 1318 dicentes
535 1277 761 1331 ipsumque
798 1279 1001 1330 rogantes
1041 1278 1088 1317 ut
1126 1290 1198 1316 eos
1231 1275 1427 1316 recedere

21 1355 56 1380 20
74 1337 346 1392 permitteret
389 1339 432 1377 et
474 1336 748 1389 imperatoris
792 1334 978 1376 Romani
1021 1335 1159 1376 filium
1202 1349 1288 1375 una
1333 1348 1428 1375 cum

76 1396 165 1438 eius
197 1396 285 1437 filia
311 1410 388 1437 sua
416 1395 598 1449 coniuge
629 1395 870 1436 remitteret
903 1394 1014 1435 sicut
1046 1394 1099 1434 ab
1131 1393 1256 1435 initio
1289 1393 1429 1434 fuerat

76 1455 319 1497 ordinatum
340 1457 595 1507 asserentes,
621 1453 735 1507 quod
761 1456 931 1507 tempus
958 1453 1181 1494 recedendi
1203 1467 1227 1493 a
1252 1452 1426 1493 domino

76 1528 153 1555 suo
187 1513 270 1554 sibi
301 1513 538 1567 praefixum
570 1513 769 1565 instaret,
805 1513 918 1566 quod
944 1512 1125 1553 ulterius
1152 1511 1324 1552 tardare
1352 1511 1427 1553 ali-

77 1572 263 1627 qualiter
305 1586 394 1613 non
432 1572 648 1613 auderent.
710 1570 950 1625 Imperator
991 1585 1090 1612 vero
1129 1570 1211 1611 hoc
1250 1570 1427 1611 audiens

22 1648 56 1673 25
75 1631 210 1672 filiam
254 1645 376 1672 suam
413 1645 498 1672 una
536 1645 632 1672 cum
676 1645 753 1671 suo
799 1645 957 1684 sponso
999 1630 1104 1683 ipsis
1150 1629 1332 1671 tradidit
1376 1629 1429 1670 ad

74 1689 260 1731 Romam
283 1690 435 1731 urbem
460 1689 784 1744 perducendam.
836 1687 945 1731 Cum
972 1692 1117 1730 autem
1152 1689 1426 1742 imperatoris

74 1749 167 1789 filia
199 1748 251 1790 ad
283 1751 474 1802 portum,
506 1749 582 1789 ubi
612 1762 763 1802 naves,
796 1748 951 1802 quibus
985 1748 1037 1789 ad
1062 1748 1245 1789 Romam
1278 1748 1428 1788 urbem

75 1807 297 1849 transvehi
341 1807 543 1861 debebat,
587 1807 898 1860 consistebant,
939 1807 1182 1860 duceretur,
1223 1809 1347 1860 pater
1386 1809 1429 1848 et

76 1869 214 1908 mater
244 1867 384 1920 ipsam
417 1866 680 1908 associantes
713 1868 945 1919 coeperunt
977 1880 1105 1919 super
1135 1865 1277 1919 ipsam
1308 1865 1428 1919 plan-

24 1938 57 1964 30
77 1937 176 1979 gere
206 1925 388 1979 planctu
418 1939 575 1980 magno
609 1925 818 1966 dicentes:

196 1982 246 2025 eO
273 1985 399 2026 unica
425 1985 515 2026 filia
539 1987 688 2025 nostra
714 1984 1007 2038 dilectissima,
1032 1984 1179 2024 lumen
1205 1984 1427 2025 oculorum
1445 1980 1496 2021 17

74 2045 344 2097 nostrorum,
377 2044 608 2084 senectutis
639 2045 813 2084 nostrae
844 2043 1041 2097 baculus,
1078 2042 1250 2096 imperii
1286 2043 1426 2084 nostri

172 2149 195 2179 4
227 2156 265 2179 se
291 2158 362 2189 pro
395 2146 443 2189 si,
476 2148 571 2192 quod
601 2148 642 2182 in
668 2148 767 2182 codd.
795 2150 860 2190 est,
894 2148 1038 2182 conieci.
1138 2150 1157 2181 9
1189 2146 1346 2191 provide
1378 2147 1428 2188 D,

78 2194 173 2236 quod
206 2192 436 2237 providendo
468 2195 675 2239 siynificare
706 2195 868 2237 videtur‚·
898 2193 1091 2238 proprium
1123 2193 1169 2229 F.
1294 2198 1337 2228 10
1363 2193 1429 2227 im-

78 2239 222 2283 pellens
258 2241 409 2282 conieci,
443 2240 645 2284 prohibens
681 2242 780 2276 codd.
887 2246 930 2275 14
965 2241 1036 2275 hiis
1073 2242 1172 2276 codd.
1279 2245 1321 2275 19
1358 2252 1428 2284 que

79 2296 145 2321 om.
171 2287 218 2321 F.
317 2292 360 2322 22
387 2288 534 2332 tempus
560 2289 614 2332 D,
640 2289 807 2332 tempore
835 2288 881 2322 F.
981 2291 1024 2323 28
1051 2287 1216 2323 transvei
1243 2287 1289 2322 F.
