1583 2552
600 120 889 161 -21-

73 226 276 269 exercitia
318 227 582 281 permaxime
630 225 883 281 agebantur.
957 224 1269 268 Constantinus
1318 241 1420 268 vero

73 301 168 328 cum
200 286 298 327 aliis
331 288 374 327 et
403 286 516 327 inter
547 285 656 327 alios
689 284 957 326 hastiludens
995 285 1236 339 praevaluit
1269 286 1421 327 ceteris

72 345 271 387 omnibus
308 344 392 386 1100
427 344 526 386 111ᾶο
564 345 627 385 ita
664 346 714 385 ut
749 344 911 385 multos
958 358 1101 385 seeum
1145 345 1339 386 ludentes
1379 347 1422 386 et

70 403 160 446 fere
199 417 345 445 omnes
383 403 531 445 ludum
568 403 710 458 ipsum
749 417 888 444 secum
934 403 986 444 ad
1031 403 1205 457 aliquod
1249 406 1421 458 tempus

36 475 52 501 5
72 463 372 505 continuantes
394 461 447 504 ad
471 464 632 504 terram
657 464 950 516 prosterneret
971 465 1013 503 et
1039 462 1153 517 quod
1176 463 1264 504 iam
1291 477 1423 517 quare

71 536 159 564 non
189 521 487 563 inveniebatur
513 521 669 576 aliquis
696 521 768 575 qui
795 536 938 563 seeum
969 521 1115 562 ludere
1143 536 1269 563 ausus
1298 524 1424 576 esset,

72 583 115 622 et
145 581 190 621 in
227 582 396 622 tantum
427 580 545 621 ultra
578 594 725 622 omnes
757 580 981 635 praefecit,
1014 581 1076 622 ita
1107 584 1156 622 ut
1187 581 1424 635 imperator

71 653 167 681 eum
204 641 299 681 toto
333 641 484 680 senatu
522 653 571 681 ae
607 639 821 680 universis
856 639 942 681 suis
979 639 1167 682 tribunis
1201 642 1244 681 et
1276 640 1424 681 militi-

0 746 1 750 *
69 698 150 740 bus
184 697 234 739 de
268 697 357 739 eius
392 698 647 740 strenuitate
674 698 944 740 mirarentur.
990 698 1093 740 Istis
1119 699 1265 753 itaque
1290 699 1425 740 hasti-

19 768 52 794 10
71 756 202 798 ludiis
235 759 279 798 et
309 757 620 798 torneamentis
653 757 705 798 ad
744 757 911 812 aliquos
951 757 1040 799 dies
1074 758 1336 799 continuatis
1376 772 1425 799 ae

71 813 356 857 Constantino
400 816 539 871 magis
586 831 635 857 ao
677 816 817 871 magis
864 817 1142 870 praevalente
1187 817 1425 871 imperator

71 875 213 928 coepit
243 875 459 929 inquirere
492 875 691 930 quisnam
721 877 845 917 esset.
896 875 1059 917 Milites
1087 878 1233 917 autem
1266 878 1309 917 et
1334 876 1426 917 uni-

69 933 182 974 versi
215 933 288 988 qui
320 933 499 975 aderant
523 934 691 975 nobiles
717 934 1033 988 responderunt
1064 949 1148 976 uno
1181 949 1251 976 ore
1285 935 1426 976 dieen-

68 993 149 1044 tes,
175 992 287 1046 quod
307 992 453 1033 nullus
472 993 614 1047 ipsum
633 995 830 1034 nosceret
848 993 931 1035 nisi
952 994 1064 1048 quod
1091 994 1231 1047 ipsum
1253 994 1425 1048 saepius

17 1060 51 1086 15
70 1049 280 1092 vidissent
318 1051 472 1093 ceteris
504 1052 549 1092 in
580 1051 662 1094 1100
693 1052 793 1093 111ᾶο
821 1055 863 1093 et
901 1053 995 1093 aliis
1028 1053 1290 1094 militaribus
1324 1054 1426 1095 acti-

69 1108 150 1151 bus
181 1108 429 1151 ludentibus
461 1110 859 1165 incomparabiliter
889 1112 1222 1165 praevalentem.

187 1166 433 1222 Imperator
481 1172 626 1211 autem
674 1170 756 1212 hoc
800 1170 946 1212 audito
992 1169 1327 1212 Constantinum
1372 1170 1422 1212 ad
1439 1170 1495 1211 34

71 1240 194 1267 suam
230 1228 376 1268 vocari
413 1227 541 1269 iussit
576 1229 867 1282 praesentiam
906 1231 948 1270 et
987 1230 1199 1283 quaesivit
1237 1230 1290 1271 ab
1328 1230 1423 1284 ipso

71 1284 165 1339 quis
204 1287 248 1326 et
284 1285 394 1327 unde
432 1289 555 1328 esset.
620 1286 704 1336 Qui
747 1288 969 1342 respondit
1014 1288 1172 1330 dicens:
1224 1288 1424 1330 ‘Domine

17 1354 51 1380 20
70 1343 305 1398 imperator
341 1346 544 1399 pauperis
579 1360 672 1387 sum
710 1346 825 1387 filius
858 1347 1050 1388 mulieris
1083 1347 1346 1389 stabulariae
1378 1348 1425 1388 in

68 1401 150 1444 hac
174 1402 279 1444 urbe
306 1403 643 1445 commorantis’.
687 1404 938 1460 Rursusque
967 1406 1255 1462 interrogavit
1280 1407 1424 1461 ipsum

69 1461 165 1515 quis
187 1464 301 1503 esset
329 1464 453 1516 pater
473 1463 576 1504 eius.
619 1463 688 1504 Ad
709 1464 821 1518 quod
841 1464 998 1506 iterum
1017 1465 1240 1519 respondit
1262 1465 1422 1507 dicens:

69 1518 260 1561 ‘Patrem
286 1521 499 1574 quendam
530 1536 764 1576 pauperem
790 1523 930 1564 virum
963 1523 1096 1565 habui
1128 1524 1201 1578 qui
1227 1527 1422 1566 mortuus

68 1577 153 1620 fuit
172 1581 404 1634 antequam
425 1594 505 1636 ego
532 1583 660 1622 natus
688 1581 853 1623 esseni'.
898 1581 1140 1637 Imperator
1160 1585 1306 1625 autem
1331 1598 1422 1625 rem

10 1646 51 1673 =25
69 1637 228 1679 tacitus
249 1638 522 1681 considerans
545 1640 821 1695 subsequenti
848 1641 1034 1695 quadam
1060 1642 1140 1696 die,
1166 1657 1261 1684 cum
1280 1642 1423 1696 ipsum

68 1695 182 1737 inter
226 1696 335 1738 alios
380 1698 541 1739 milites
586 1699 901 1741 hastiludentes
948 1715 996 1742 ao
1035 1701 1178 1755 ipsum
1215 1701 1267 1742 iis
1305 1716 1424 1756 prae-

67 1754 285 1796 valentem
324 1755 434 1797 sieut
475 1757 594 1810 prius
633 1759 942 1813 conspexisset,
986 1760 1167 1801 eundem
1212 1759 1423 1802 Constan-

68 1813 210 1855 tinum
243 1813 295 1855 ad
327 1829 372 1856 se
409 1816 554 1857 vocari
592 1816 719 1858 iussit
751 1819 794 1858 et
825 1817 984 1859 iterum
1018 1818 1112 1873 quis
1149 1822 1262 1860 esset
1294 1819 1423 1860 inter-

68 1872 252 1926 rogavit.
296 1872 377 1922 Qui
399 1873 569 1928 quidem
591 1874 899 1917 Constantinus
924 1877 1146 1931 respondit
1166 1878 1277 1919 sieut
1302 1878 1422 1932 prius

17 1940 51 1965 30
70 1929 233 1972 fecerat
257 1931 421 1973 dicens:
455 1932 653 1976 ‘Domine
678 1934 925 1989 imperator,
954 1936 1158 1990 pauperis
1186 1952 1281 1978 sum
1306 1936 1421 1978 filius

70 1989 277 2044 mulieris,
304 2005 451 2033 servus
479 1992 648 2034 vester’.
692 1992 934 2047 Imperator
955 1997 1101 2036 autem
1121 2010 1211 2037 rem
1239 1996 1302 2036 ita
1329 2010 1422 2037 esse

71 2048 182 2089 sieut
214 2049 434 2092 asserebat
463 2065 737 2106 nequaquam
769 2053 1002 2094 aestimans
1033 2053 1141 2094 dixit
1174 2054 1275 2095 sibi:
1321 2054 1420 2095 ‘Pro

69 2109 185 2147 certo
219 2107 326 2149 seire
359 2109 555 2152 volumus
587 2110 715 2152 huius
742 2111 802 2152 rei
829 2112 1058 2153 veritatem
1089 2115 1132 2153 et
1163 2113 1249 2154 nisi
1280 2113 1421 2168 ipsam

67 2165 340 2220 patefeceris,
370 2182 556 2221 poenam
582 2184 669 2210 non
703 2169 884 2212 evades'.
935 2169 1242 2213 Constantinus
1277 2175 1421 2214 autem

150 2260 208 2340 tltO
235 2258 453 2294 continuans
479 2261 580 2296 codd.
608 2260 807 2296 continatis
827 2264 979 2298 correxi.
1079 2267 1123 2298 30
1151 2263 1301 2299 domine
1322 2266 1363 2299 in
1382 2264 1421 2298 D

67 2313 149 2350 repe
165 2315 179 2338 ι
196 2315 250 2341 ur.
