1583 2552
601 118 884 159 -15—

66 224 288 268 nostrum'.
345 225 428 267 Per
466 240 574 280 quae
613 227 656 266 et
693 224 760 265 his
801 223 961 264 similia
1001 223 1191 264 animum
1228 222 1310 263 viri
1352 221 1418 263 sui

67 284 315 339 aliqualiter
347 285 576 340 mitigavit.

184 342 365 385 Nobiles
386 347 529 385 autem
551 342 753 397 coniuges
774 342 885 383 nihil
908 342 1021 383 aliud
1047 341 1158 395 apud
1187 355 1230 382 se
1256 340 1415 381 haben·
1432 341 1488 383 23

65 405 149 456 tes,
188 401 238 443 de
272 417 354 458 quo
387 403 530 444 cibum
563 404 606 444 et
636 406 786 456 potum
821 416 987 442 sumere
1019 403 1215 455 possent,
1250 399 1333 440 nisi
1366 399 1416 440 de

29 473 46 499 5
65 461 278 503 fructibus
305 461 571 516 quarundam
599 462 802 503 arborum
828 475 934 515 quas
961 460 1005 501 in
1030 459 1249 513 praedicta
1274 458 1418 499 insula

65 521 321 562 invenerunt
352 523 394 562 et
432 521 482 562 de
515 535 626 575 aqua
658 520 878 561 maritima
917 534 962 561 se
1002 533 1078 573 per
1117 518 1285 572 aliquos
1326 517 1417 558 dies

65 579 307 621 refecerunt
345 580 459 621 aliud
500 580 672 634 penitus
716 579 1030 620 nutrimentum
1068 592 1156 618 non
1197 576 1418 617 habentes.

66 636 175 680 Cum
207 641 351 680 autem
388 639 599 694 placuerit
636 638 804 680 divinae
841 638 1012 692 pietati,
1051 651 1158 691 quae
1190 635 1417 677 Danielem

67 697 118 738 de
149 698 244 739 lacu
275 698 450 739 leonum
482 698 702 751 liberavit,
741 711 813 738 eos
846 697 1045 738 similiter
1077 696 1282 748 liberare,
1323 709 1419 735 con-

13 769 46 794 10
65 756 170 810 tigit
212 759 261 798 ut
303 757 388 811 ipsi
433 759 598 798 stantes
642 756 839 798 viderent
882 756 1078 797 homines
1119 754 1328 809 quosdam
1368 753 1418 794 de

64 830 200 869 prope
239 816 506 871 navigantes
579 816 661 865 Qui
706 815 846 870 gavisi
890 815 1076 856 multum
1121 814 1420 855 clamaverunt

67 889 192 928 super
237 889 308 917 eos
360 875 568 916 dicentes:
632 874 683 916 ‘O
730 874 1000 915 dilectissimi
1044 873 1261 926 homines,
1312 886 1418 926 quos

65 933 359 975 misericordia
409 934 584 976 deorum
629 933 877 975 sublimium
923 932 976 974 ad
1018 932 1119 985 hoc,
1168 934 1217 973 ut
1262 945 1340 972 nos
1393 945 1418 971 a

65 994 203 1033 morte
248 993 481 1047 eriperent,
527 993 579 1034 ad
623 993 735 1034 hunc
778 993 920 1033 locum
964 991 1151 1032 feliciter
1194 989 1419 1044 pervenire

14 1062 46 1088 15
66 1050 275 1106 fecerunt,
312 1052 433 1094 vobis
472 1052 624 1093 intime
663 1052 971 1106 supplicamuS‚
1013 1053 1061 1091 ut
1101 1063 1246 1091 amore
1286 1048 1420 1089 divini

64 1110 247 1163 praemii
280 1124 328 1152 ac
358 1111 479 1152 nauli
510 1110 643 1152 vestri
674 1125 753 1152 nos
788 1110 840 1152 ad
872 1124 1004 1151 naves
1039 1111 1207 1150 vestras
1240 1108 1419 1162 recipia-

64 1169 120 1210 tis
154 1171 196 1210 et
226 1169 471 1223 perducatis
504 1170 557 1211 ad
597 1173 789 1224 portum,
835 1169 888 1210 ad
926 1183 1052 1223 quem
1088 1182 1165 1209 vos
1203 1167 1266 1208 ire
1305 1167 1418 1221 cogi-

64 1227 220 1269 tastis'.
270 1227 352 1277 Qui
378 1229 549 1282 quidem
574 1229 771 1270 homines
799 1242 928 1282 supra
954 1227 1129 1269 modum
1156 1225 1418 1267 admirantes

68 1300 135 1338 eo,
174 1286 286 1340 quod
327 1287 488 1328 ibidem
521 1288 688 1342 aliquos
727 1287 924 1328 homines
963 1300 1182 1340 nunquam
1222 1285 1420 1326 viderant

13 1357 47 1384 20
69 1347 145 1386 aut
186 1345 385 1387 habitare
430 1346 678 1400 credebant,
728 1348 961 1400 coeperunt
1006 1345 1059 1386 ab
1104 1345 1158 1385 iis
1205 1358 1420 1398 quaerere,

67 1404 253 1458 qualiter
283 1404 442 1446 ibidem
479 1406 791 1460 pervenissent.
849 1404 930 1454 Qui
968 1405 1173 1446 timentes
1205 1417 1293 1444 non
1326 1417 1418 1444 esse

65 1465 220 1517 tutum,
254 1463 289 1504 si
314 1463 367 1504 iis
394 1466 657 1518 exponerent
681 1465 744 1505 rei
771 1466 920 1518 gestae
946 1464 1186 1516 veritatem,
1219 1462 1419 1503 dixerunt

66 1521 119 1562 iis
152 1536 228 1575 per
259 1521 373 1563 hunc
404 1523 597 1564 modum:

186 1579 462 1623 ‘Mercatores
495 1581 688 1636 quidam,
720 1581 765 1622 in
791 1595 972 1635 quorum
999 1581 1198 1622 manibus
1224 1594 1303 1621 nos
1331 1594 1419 1621 era·
1433 1579 1493 1620 24

16 1651 48 1677 25
67 1653 181 1693 mus,
225 1641 484 1694 tempestate
530 1640 672 1682 valida
715 1640 927 1694 compulsi
971 1640 1025 1681 ad
1065 1640 1194 1681 istam
1232 1639 1416 1680 insulam

69 1711 164 1738 cum
197 1698 283 1739 suis
315 1699 498 1740 navibus
530 1700 698 1741 noviter
738 1701 1041 1753 pervenerunt,
1079 1699 1153 1753 qui
1190 1712 1286 1739 cum
1323 1698 1421 1739 fati-

68 1756 161 1810 gati
199 1771 224 1797 a
261 1756 484 1798 laboribus
525 1760 567 1798 et
603 1758 983 1813 remigrationibus
1015 1758 1144 1799 nimis
1177 1759 1322 1798 essent
1354 1757 1421 1797 de-

66 1815 360 1856 liberaverunt
397 1816 440 1857 in
480 1816 575 1870 ipsa
610 1817 750 1857 insula
794 1831 870 1870 per
907 1819 1079 1858 noctem
1124 1815 1421 1870 requiescendi

69 1873 212 1927 gratia
242 1888 504 1928 permanere.
555 1874 732 1929 Nosque
765 1874 816 1916 de
847 1875 1095 1917 huiusmodi
1126 1874 1327 1929 periculis
1358 1874 1421 1914 in-

20 1944 50 1970 30
69 1933 262 1974 consueti
294 1948 342 1974 ac
372 1933 528 1975 timore
559 1935 712 1975 mortis
744 1934 873 1975 nimis
905 1934 1125 1988 perterriti
1160 1948 1285 1974 mane
1324 1947 1419 1974 cum

68 1990 155 2045 ipsi
192 1994 452 2034 mercatores
490 1993 739 2034 recederent
777 2007 845 2047 eo,
885 1993 999 2048 quod
1038 1993 1150 2034 oculi
1186 1992 1326 2033 nostri
1358 1992 1420 2032 ni-

69 2050 203 2090 mium
242 2051 412 2104 gravati
449 2051 638 2106 fuerant,
675 2066 777 2106 prae
814 2052 996 2094 tristitia
1033 2051 1319 2093 remansimus
1351 2050 1421 2092 hic

167 2158 183 2187 1
219 2152 293 2187 hiis
328 2156 428 2191 codd.
528 2160 547 2191 3
584 2155 703 2191 nichil
738 2155 785 2190 F.
893 2160 912 2191 8
950 2154 1093 2200 placuit
1126 2155 1226 2190 codd.
1326 2165 1419 2198 quae

69 2200 219 2251 scripsi,
246 2199 309 2244 qui
330 2202 430 2236 codd.
530 2207 549 2237 9
571 2214 634 2237 eos
654 2204 747 2238 deest
766 2204 808 2238 in
827 2204 927 2238 codd.
1027 2206 1070 2236 10
1089 2201 1260 2237 viderent
1278 2203 1421 2246 scripsi,

71 2245 239 2298 yidentes
273 2248 373 2283 codd.
473 2253 516 2284 15
547 2250 713 2284 fecerent
743 2250 799 2293 D,
834 2250 1012 2294 ceperunt
1042 2249 1089 2284 F.
1189 2253 1233 2284 28
1263 2248 1346 2294 ipsa
1370 2248 1422 2291 D,

70 2293 143 2328 ista
169 2293 215 2329 F.
314 2299 358 2329 29
385 2306 456 2339 que
483 2307 548 2331 om.
576 2297 621 2331 F.
