1583 2552
1581 0 1583 27 A

1581 47 1583 79 l

849 129 905 169 24
1581 164 1583 207 ἰ

200 235 281 275 tur.
344 232 574 283 ‘Quoniam
619 248 718 275 vero
765 248 843 287 ego
889 235 1079 276 sentiens
1123 248 1192 276 me
1230 249 1255 276 a
1290 236 1414 278 vobis
1454 251 1549 278 con·

200 292 377 346 cepisse,
404 292 573 334 decrevi
591 293 736 347 potius
756 293 868 334 velle
894 293 940 334 in
958 294 1062 335 urbe
1081 293 1279 335 Romana
1298 294 1344 335 in
1369 309 1549 350 pauper-

198 354 287 392 tate
324 351 461 392 vitam
500 351 650 393 ducere
691 355 733 393 et
771 351 822 393 de
859 352 1080 394 laboribus
1118 368 1323 394 manuum
1358 368 1549 396 mearum

198 410 363 451 victum
400 424 605 465 quaerere
644 425 772 464 quam
805 411 859 452 ad
893 411 1084 452 nat-alem
1116 412 1301 466 patriam
1333 413 1475 454 redire
1507 415 1550 454 et,

198 468 360 510 ibidem
390 469 502 510 inter
535 470 694 511 amicos
723 473 765 511 et
789 473 918 511 notos
951 470 1147 524 quamvis
1175 471 1267 512 sine
1292 475 1571 525 paupertate

199 531 241 569 et
262 542 358 569 cum
377 529 717 570 necessariorum
740 529 996 570 sufficientia
1018 532 1251 583 perpetuae
1270 530 1549 572 verecundiae

197 587 399 628 ruborem
449 588 672 629 sustinere.
739 588 798 629 Et
835 588 929 629 ideo
975 603 1025 629 ex
1068 590 1171 629 tunc
1214 589 1429 644 praeelegi
1478 589 1550 630 hic

196 659 370 687 manere
408 648 451 687 et
481 647 622 688 mansi
654 661 787 701 usque
824 647 870 687 in
906 647 1161 688 hodiernum
1193 647 1306 688 diem
1339 650 1382 689 et
1411 648 1548 689 filium

196 718 339 746 meum
360 704 695 747 Constantinum
716 705 766 747 de
786 706 984 747 manibus
1006 720 1081 747 seu
1100 705 1323 747 laboribus
1342 721 1548 748 manuum

196 778 390 805 mearum
429 764 616 806 educavi.
672 764 907 819 Usquequo
946 765 1029 806 duo
1067 767 1328 807 mercatores
1359 764 1571 807 Romani?

195 822 338 876 ipsum
376 823 483 864 mihi
525 823 677 864 furtim
723 823 966 865 auferentes
1004 823 1057 864 ad
1101 824 1274 865 dommn
1319 838 1438 865 suam
1483 838 1547 865 re-

196 885 399 935 ceperunt
450 885 493 923 et
543 882 830 924 educaverunt
873 897 950 937 per
994 882 1160 936 aliquos
1211 896 1365 936 annm,
1414 883 1547 924 donec

194 940 335 994 ipsum
382 941 434 981 ad
485 956 620 982 annos
672 941 906 983 iuventutis
957 941 1209 995 perductum
1261 955 1403 983 secum
1452 956 1546 995 per-

194 998 406 1040 duxerunt
448 999 502 1041 ad
535 999 760 1041 Graeciam
792 1003 833 1041 et
873 1000 1032 1041 ibidem
1063 1000 1197 1041 filium
1230 1003 1422 1041 vestrum
1453 1000 1545 1041 fore

193 1057 381 1099 dicentes
426 1058 541 1100 filiae
584 1059 855 1113 imperatoris
900 1057 1162 1100 Graecorum
1205 1059 1274 1099 hic
1325 1058 1570 1113 praesent-i:

193 1117 388 1170 copulari
432 1118 812 1159 matrimonialiter
861 1120 1198 1172 procuraverunt
1243 1121 1285 1159 et
1334 1117 1432 1158 inde
1481 1132 1546 1159 re-

194 1176 389 1217 cedentes
433 1176 636 1230 ipsosque
676 1191 819 1218 secum
856 1179 985 1230 prout
1023 1191 1048 1217 a
1088 1176 1212 1217 vobis
1249 1177 1295 1217 in
1329 1175 1545 1217 mandatis

194 1248 237 1275 se
276 1234 488 1289 recepisse
527 1235 852 1276 affirmaverunt
888 1234 1168 1289 perducentes
1211 1249 1283 1276 eos
1325 1234 1378 1275 ad
1415 1249 1546 1289 quan·

192 1292 291 1335 dam
322 1294 509 1335 insulam
542 1297 590 1335 ut
620 1294 781 1335 ibidem
812 1293 924 1335 fame
955 1293 1247 1335 interficerent
1273 1293 1546 1335 collocabant

191 1355 234 1393 et
271 1352 378 1406 ipsis
417 1352 727 1394 dormientibus
768 1356 811 1394 et
848 1352 1148 1407 ignorantibus
1181 1352 1339 1393 ibidem
1378 1351 1568 1393 relictis·

192 1410 244 1451 ad
281 1411 466 1452 Romam
506 1426 599 1452 cum
640 1412 727 1452 suis
769 1411 949 1452 navibus
996 1410 1157 1451 reversi
1203 1411 1313 1451 clam
1356 1410 1544 1452 fuerunt.

189 1468 306 1511 Deus
340 1473 484 1511 autem
511 1470 783 1524 omnipotens
810 1470 882 1524 qui
908 1484 1126 1523 nunquam
1157 1468 1346 1510 deseruit
1372 1483 1543 1523 speran·
1574 1467 1578 1512 Ι

189 1531 255 1569 tes
306 1528 351 1569 in
402 1543 445 1569 se
498 1530 653 1583 quique
702 1527 942 1570 Susannam
987 1528 1037 1568 de
1081 1528 1280 1568 manibus
1326 1521 1578 1583 iniquissi-'3

189 1601 357 1629 morum
389 1587 577 1629 iudicum
605 1590 648 1629 et
674 1586 901 1628 Danielem
928 1586 978 1627 de
1004 1586 1101 1627 lacu
1127 1587 1300 1627 leonum
1327 1586 1544 1640 liberavit,
1576 1599 1577 1639 ᾗ

189 1645 336 1687 volens
375 1647 625 1688 innocentes
664 1659 939 1700 praeservare
976 1645 1152 1686 iuvenes
1190 1645 1294 1686 fecit
1332 1644 1578 1719 quosdamffy

188 1704 326 1746 bonos
358 1704 555 1746 homines
582 1719 678 1746 cum
706 1705 791 1745 suis
818 1703 1001 1745 navibus
1029 1703 1166 1745 dictae
1197 1703 1363 1744 insulae
1390 1717 1542 1757 appro-
1575 1723 1577 1762 ἶ

188 1763 398 1818 pinquare
431 1766 474 1804 et
504 1778 591 1805 non
624 1763 714 1804 sine
745 1777 845 1804 suae
878 1762 1173 1816 dispositionis
1201 1761 1430 1803 clementia
1460 1762 1541 1802 ibi-
1574 1765 1577 1822 ξ

190 1821 287 1863 dem
318 1822 563 1876 pervenire3
596 1823 668 1876 qui
700 1822 750 1863 de
782 1821 1022 1875 perditione
1055 1821 1249 1875 ipsorum
1274 1820 1440 1861 miserti
1467 1835 1539 1861 eos

190 1880 243 1921 ad
261 1879 446 1921 Romam
466 1881 765 1935 perduxerunt.
808 1879 906 1935 Ego
934 1883 1078 1921 autem
1104 1879 1375 1933 paupercula,
1399 1878 1539 1919 filium
1574 1833 1577 1921 t

188 1953 332 1980 meum
365 1940 539 1980 omnino
579 1939 814 1993 perdidisse
847 1939 1021 1980 credens
1055 1940 1097 1978 et
1129 1938 1218 1978 eius
1254 1937 1537 1991 perditionem
1557 1935 1575 1977 ἑὲ

186 2012 262 2051 per
302 1998 440 2039 multa
478 2000 675 2052 tempora-
713 1998 871 2039 deflens
904 2011 952 2038 ac
989 1997 1040 2038 de
1079 1997 1168 2037 eius
1200 1996 1539 2050 recuperatione,
1573 2011 1575 2013 ¹

189 2070 315 2111 quem
341 2057 428 2097 iam
451 2060 554 2098 §ine
581 2071 657 2110 per
684 2057 870 2110 quinque
895 2069 1030 2097 annos
1054 2054 1337 2109 perdideram,
1363 2055 1537 2096 omnino
1572 2069 1574 2094 ε

188 2115 414 2169 desperata
450 2115 592 2169 ipsum
624 2129 711 2156 non
742 2116 880 2156 multo
918 2117 1111 2168 tempore
1145 2114 1291 2167 elapso
1324 2128 1410 2154 una
1442 2127 1537 2154 cum
1571 2116 1574 2164 J

170 2188 188 2206 Ο

283 2258 300 2288 1
329 2252 543 2297 concepisse
569 2253 625 2295 D,
653 2252 859 2297 suscepisse
885 2252 932 2286 F.
1035 2257 1078 2286 14
1105 2256 1140 2287 et
1160 2263 1225 2288 om.
1249 2251 1296 2287 F.
1400 2256 1445 2286 26
1471 2261 1534 2295 ap-

184 2299 433 2346 propinquare
461 2299 514 2344 F,
541 2299 790 2344 propinquare
816 2300 864 2334 D.
1570 2297 1573 2326 ἔ
