1583 2552
621 106 907 149 -13„-

91 214 410 268 solitudinibus,
437 229 565 270 quam
590 214 889 255 intermediam
917 214 1100 255 scientes
1134 213 1185 255 ad
1218 213 1435 268 perficien-

90 275 186 316 dam
224 289 325 317 suae
362 274 606 315 traditionis
645 273 868 327 perfidiam
905 273 1249 328 praeelegerant,
1286 273 1436 328 rapido

88 337 219 376 ventu
250 333 431 388 provehi
463 335 707 388 coegerunt.
770 331 960 385 Cumque
993 333 1046 374 ad
1078 333 1220 386 ipsam
1250 333 1437 374 insulam

88 396 348 435 mercatores
385 393 593 446 praedicti
638 407 734 433 cum
781 393 867 434 suis
908 392 1091 434 navibus
1130 392 1439 446 pervenissent,

54 463 69 488 5
90 453 279 508 alligatis
298 452 481 494 navibus
503 467 547 494 se
573 454 828 493 nocturnam
850 452 1040 506 requiem
1066 452 1225 493 ibidem
1250 452 1437 506 recipere

90 512 198 553 velle
231 511 531 553 confinxerunt
562 514 605 552 et
636 514 837 553 exeuntes
870 511 921 553 de
953 511 1134 553 navibus
1167 511 1329 552 cibaria
1362 526 1439 552 sua

88 585 167 625 pro
205 585 311 612 cena
350 571 395 612 in
432 571 571 625 ipsam
610 571 794 612 insulam
827 585 1084 625 praeparare
1115 571 1319 612 fecerunt.
1381 570 1439 611 Et

89 644 195 671 cena
244 630 361 672 facta
410 630 633 685 noctisque
677 630 866 671 tenebris
913 631 1017 672 lucis
1063 630 1146 671 diei
1197 630 1438 672 claritatem
1482 657 1487 661 -

90 689 448 731 obumbrantibus
492 692 750 731 mercatores
793 690 972 744 pessimi
1015 689 1297 731 nobilissimis
1339 704 1437 731 con-

36 759 69 784 10
90 748 262 803 iugibus
293 750 528 791 tentorium
565 749 728 804 fingere
767 752 809 790 et
846 750 892 790 in
925 764 973 791 eo
1005 749 1245 790 thalamum
1277 749 1322 790 in
1354 764 1437 803 quo

89 808 228 850 noctis
267 809 458 864 requiem
500 822 705 863 peragere
746 809 952 851 deberent
992 809 1084 850 fieri
1125 809 1276 850 callide
1317 823 1436 850 man-

87 867 308 909 daverunt.

204 925 340 969 Facta
365 929 509 968 autem
535 929 660 969 nocte
688 927 791 969 dicti
817 928 1021 982 coniuges
1046 942 1090 968 se
1117 927 1170 969 ad
1195 927 1436 969 thalamum
1451 927 1508 969 20

87 986 227 1039 ipsum
268 986 320 1027 iis
361 1001 449 1028 non
494 986 547 1028 ad
587 987 779 1041 requiem
823 987 896 1028 sed
939 987 992 1028 ad
1032 987 1287 1041 perditionis
1334 1002 1436 1028 suae

34 1054 67 1079 15
89 1044 247 1086 dudum
291 1045 619 1100 praeordinatae
663 1046 886 1088 interitum
925 1049 1125 1100 paratum
1168 1047 1437 1088 intraverunt

87 1106 130 1145 et
167 1104 213 1145 in
250 1105 344 1159 ipso
384 1105 522 1146 omnis
560 1105 726 1148 fraudis
765 1109 808 1147 et
848 1106 1066 1161 nequitiae
1099 1121 1207 1160 quae
1246 1106 1296 1147 de
1328 1107 1435 1160 ipsis

77 1151 354 1205 tractabatur
391 1164 517 1206 inscii
554 1167 695 1207 totam
729 1168 899 1207 noctem
938 1166 984 1206 in
1017 1166 1188 1207 solaciis
1222 1166 1362 1207 solitis
1395 1168 1438 1206 et

85 1223 229 1277 requie
256 1224 561 1278 expenderunt.
610 1225 781 1266 Aurora
807 1225 951 1266 autem
979 1228 1120 1266 ortum
1147 1225 1230 1265 diei
1258 1239 1436 1280 sequen-

85 1281 144 1322 tis
176 1281 394 1323 indicante
425 1285 682 1324 mercatores
715 1284 922 1338 praedicti
949 1287 1110 1326 secrete
1137 1287 1360 1339 surgentes
1394 1286 1437 1325 et

33 1350 68 1375 20
87 1341 327 1396 cogitatum
359 1356 484 1383 suum
514 1343 754 1398 malignum
792 1343 846 1384 ad
884 1344 1079 1385 effectum
1111 1344 1339 1398 perducere
1371 1359 1435 1385 sa-

87 1402 285 1454 tagentes
317 1415 450 1443 naves
482 1401 692 1444 intrantes
725 1402 912 1445 dimissis
945 1406 1045 1457 post
1077 1417 1121 1445 se
1154 1403 1435 1445 nobilissimis

87 1460 341 1514 coniugibus
383 1460 520 1502 adhuc
561 1476 714 1516 sopore
756 1462 967 1517 depressis
1008 1462 1164 1503 abinde
1204 1462 1355 1503 furtim
1393 1465 1436 1504 et

87 1518 281 1560 celeriter
320 1520 523 1574 navigare
556 1524 788 1575 coeperunt
818 1521 988 1562 familia
1026 1522 1287 1576 interempta
1319 1522 1434 1577 cogi-

85 1580 229 1619 tantes
271 1579 331 1620 sic
373 1580 502 1620 etiam
540 1580 792 1622 innocentes
839 1581 1014 1634 perdere
1064 1581 1287 1637 coniuges,
1328 1596 1434 1636 quos

32 1646 66 1671 25
87 1636 191 1678 deus
222 1637 600 1691 praeordinaverat
632 1640 686 1680 ad
718 1640 997 1681 obtinendum
1026 1644 1068 1681 et
1093 1641 1326 1696 regendum
1354 1656 1433 1695 pro

84 1695 231 1738 futura
274 1697 474 1739 ecclesiae
518 1713 702 1753 sponsae
747 1714 847 1741 suae
893 1699 1030 1741 salute
1078 1700 1215 1741 totius
1264 1700 1433 1754 imperii

85 1755 384 1809 principatum.

203 1813 329 1856 Mane
361 1818 505 1857 autem
529 1816 644 1858 facto
673 1818 876 1872 coniuges
902 1818 986 1872 ipsi
1013 1818 1266 1873 evigilantes
1293 1818 1500 1872 coepit2l

86 1888 244 1928 sponsa
270 1874 409 1916 dicere
435 1890 593 1929 sponso
621 1891 718 1918 suo:
747 1876 988 1931 ‘surgamus
1013 1892 1066 1919 ne
1093 1878 1129 1918 si
1153 1878 1266 1919 forte
1287 1892 1432 1932 super-

31 1941 67 1966 30
85 1933 262 1974 veniant
298 1937 556 1976 mercatores
595 1935 794 1990 magistri
831 1937 970 1978 nostri
1009 1940 1051 1978 et
1087 1937 1312 1978 inveniant
1351 1952 1431 1978 nos

84 1991 235 2047 nudos,
262 2007 314 2033 ex
340 2008 423 2048 quo
449 1995 748 2036 verecundiam
775 1996 1028 2049 recipiemus
1055 2011 1163 2050 quae
1189 2011 1277 2037 non
1302 1996 1432 2038 licet’.

84 2049 153 2091 Ad
179 2066 286 2106 quae
307 2050 617 2095 Constantinus
644 2054 906 2108 respondens
934 2055 1015 2097 ait:
1044 2055 1325 2097 ‘Permittatis
1351 2070 1431 2098 nos

59 2109 336 2167 >quiescere3⁴
356 2112 440 2165 ipsi
472 2113 586 2155 enim
617 2128 693 2168 per
726 2113 933 2155 familiam
967 2115 1216 2169 deputatam
1248 2129 1326 2156 nos
1360 2130 1430 2157 ex-

150 2254 222 2330 lll
255 2250 434 2332 diberent
462 2253 611 2296 scripsi,
644 2253 847 2289 debuerant
877 2255 976 2289 codd.
1112 2259 1156 2289 26
1190 2254 1347 2290 ecclesie
1380 2254 1429 2296 D,

86 2306 150 2331 ecc
167 2306 243 2333 effla
309 2326 317 2334 .
