1583 2552
667 154 954 195 —22-

136 274 228 301 rem
269 259 332 300 ita
373 273 466 300 esse
506 273 601 301 cum
639 260 879 302 iuramento
920 261 1152 302 affirmavit
1192 264 1233 303 et
1271 276 1364 303 cum
1408 262 1486 304 1111-

135 319 308 383 perator
352 317 469 359 aliud
514 319 566 360 ab
610 333 659 360 eo
697 319 804 361 scire
841 334 927 361 non
970 322 1134 386 posset,
1179 321 1391 374 quaesivit
1434 322 1484 363 de

135 376 307 418 nomine
352 391 427 418 suo
474 380 517 419 et
562 377 598 418 si
642 392 748 432 quos
800 378 909 420 alios
960 379 1119 421 amicos
1163 378 1343 421 haberet
1385 383 1485 446 post

137 438 332 477 matrem.
378 435 461 485 Qui
482 436 590 477 dixit
611 436 711 478 31101;
745 435 1071 479 ‘Constantinus
1093 452 1222 480 vocor
1243 453 1293 479 ex
1312 439 1484 480 nomine

134 509 212 536 nec
238 494 376 536 habeo
405 495 513 536 alios
542 495 703 536 amicos
730 496 815 537 nisi
840 500 1023 537 matrem
1044 499 1086 538 et
1106 512 1282 539 uxorem
1306 512 1486 552 pauper-
1505 509 1520 535 5

137 553 277 594 culam
304 553 555 595 mulierem'.
600 553 841 608 Imperator
867 555 949 596 hoc
975 555 1121 597 audito
1142 556 1363 597 mandavit
1389 557 1486 611 sibi,

135 614 183 653 ut
216 615 398 654 matrem
432 628 553 654 suam
586 615 629 654 et
660 628 836 655 uxorem
869 614 922 654 ad
949 614 1040 655 eius
1071 615 1361 668 praesentiam
1392 630 1484 669 per-

136 671 328 725 duceret,
362 686 456 713 cum
488 671 579 725 ipse
613 673 813 714 omnibus
847 672 985 714 modis
1017 673 1143 714 huius
1171 674 1233 714 rei
1259 674 1485 716 veritatem

135 730 242 772 scire
278 731 420 771 vellet.

64 786 119 828 35
253 788 562 831 Constantinus
601 804 700 832 vero
734 792 905 844 recepto
947 790 1162 844 imperiali
1194 791 1398 833 mandato
1431 791 1486 832 ad
1506 804 1538 828 10
1568 804 1569 807 ’

134 848 308 890 domum
349 863 469 889 suam
508 863 703 890 reversus
741 852 925 890 matrem
962 864 1082 890 suam
1128 852 1170 890 et
1208 864 1384 892 uxorem
1421 850 1483 891 in·
1567 868 1570 904 1

134 906 258 948 dutas
296 907 347 948 de
386 907 635 948 melioribus
675 907 762 948 suis
802 908 993 950 vestibus
1034 910 1076 949 et
1115 911 1289 950 ornatas
1322 908 1375 950 ad
1406 908 1483 950 im-

133 966 346 1019 peratoris
379 967 669 1019 praesentiam
709 966 919 1020 perduxit.
977 966 1215 1021 Imperator
1254 970 1398 1009 autem
1432 967 1485 1008 ad

133 1024 342 1066 Helenam
387 1025 432 1066 in
470 1025 560 1066 eius
606 1025 851 1079 praesentia
892 1026 1174 1068 constitutam
1217 1026 1342 1067 dixit:
1388 1025 1485 1067 ‘Est

132 1084 308 1138 inquam
335 1084 407 1124 ille
434 1083 600 1125 iuvenis
627 1084 741 1125 filius
769 1084 919 1125 tuus‘P'
972 1084 1088 1132 Quae
1114 1085 1376 1150 respondens
1404 1084 1483 1126 ait·
1505 1095 1537 1121 15

134 1142 247 1196 ‘Est7
281 1142 480 1184 domine'.
530 1142 651 1183 Dixit
682 1143 938 1196 imperator·
975 1142 1096 1192 ‘Quis
1130 1145 1195 1184 est
1221 1143 1336 1184 enim
1361 1146 1485 1197 pater
1563 1153 1571 1186 ,¹

134 1200 278 1242 eius?’
331 1201 449 1250 Quae
481 1202 703 1255 respondit
735 1202 894 1243 dicens:
948 1201 1057 1256 eEgo
1090 1202 1232 1255 ipsum
1264 1202 1309 1242 in
1339 1202 1484 1243 iuven-

133 1261 224 1301 tute
258 1275 353 1301 mea
380 1260 431 1301 de
459 1260 640 1314 quodam
670 1275 760 1301 vno
769 1294 779 1314 ,
813 1275 939 1314 quem
965 1261 1011 1301 in
1043 1261 1239 1314 partibus
1265 1260 1483 1302 natalibus

135 1319 261 1360 amici
309 1319 393 1360 mei
438 1318 545 1360 mihi
589 1319 633 1360 in
678 1320 884 1360 maritum
930 1319 1253 1373 copulaverant,
1305 1319 1484 1374 suscepi,

134 1378 205 1432 qui
252 1393 277 1418 a
320 1392 389 1418 me
433 1392 520 1418 11011
560 1378 686 1432 longe
725 1380 824 1432 post
862 1392 980 1419 more
1017 1377 1269 1432 negotiandi
1309 1377 1486 1419 recessit

134 1439 177 1478 et
209 1437 262 1478 ad
289 1451 355 1477 me
389 1439 540 1490 postea
565 1451 652 1478 11011
680 1440 745 1477 est
770 1451 978 1477 reversus
1030 1435 1075 1477 Si
1106 1439 1299 1477 mortuus
1327 1436 1384 1477 sit
1411 1438 1485 1477 aut

134 1495 270 1550 vivat,
303 1495 404 1536 deus
438 1494 546 1536 scit'.
596 1495 838 1549 Imperator
870 1509 969 1536 vero
996 1509 1084 1536 11011
1117 1495 1225 1536 100110
1258 1497 1484 1536 contentus

135 1554 185 1595 de
226 1554 506 1607 responsione
546 1554 737 1595 mulieris
770 1554 910 1608 magis
951 1568 1080 1608 quam
1112 1555 1238 1594 antea
1271 1553 1486 1594 dubitavit

135 1616 177 1654 et
216 1613 437 1654 mandavit
474 1613 615 1666 ipsam
648 1628 732 1654 una
765 1627 860 1653 cum
899 1612 1066 1653 familia
1099 1627 1174 1653 sua
1207 1612 1260 1653 ad
1291 1626 1485 1653 mensam

135 1686 255 1712 suam
281 1671 394 1712 inter
422 1672 622 1712 mulieres
649 1671 816 1712 nobiles
850 1670 903 1712 ad
931 1670 1235 1712 comedendum
1261 1670 1485 1712 collocare.

65 1726 119 1767 36
251 1729 399 1772 Ν111113
434 1732 577 1771 autem
607 1729 796 1771 Helenae
829 1729 1117 1783 pulcherrima
1142 1729 1252 1770 facie
1278 1731 1321 1770 et
1353 1729 1484 1783 aptis-

135 1789 244 1830 sima
289 1792 380 1831 erat
424 1789 469 1830 111
513 1803 688 1842 corpore
734 1791 777 1829 et
815 1788 1048 1829 secundum
1091 1788 1336 1830 nobilitatis
1382 1802 1484 1829 suae

135 1847 429 1889 condicionem
462 1847 747 1888 nobilissimis
781 1847 973 1888 moribus
1007 1847 1185 1888 erudita.
1239 1845 1357 1895 Quae
1389 1860 1485 1887 cum

135 1909 248 1948 esset
280 1906 393 1947 inter
420 1906 526 1947 alias
560 1906 779 1960 11111110103,
811 1920 898 1947 non
924 1906 1037 1947 sicut
1063 1905 1168 1947 viles
1196 1908 1239 1945 et
1263 1918 1484 1958 pannosae

135 1967 445 2007 consueverunt
477 1965 617 2006 facere
650 1965 869 2018 mulieres,
902 1964 1018 2005 cibos
1047 1963 1169 2005 avide
1199 1977 1377 2016 sumere,
1410 1962 1483 2004 sed

135 2024 404 2078 disciplinam
438 2026 479 2064 et
506 2024 783 2065 verecundiae
810 2023 1079 2064 honestatem
1108 2036 1289 2075 sequens
1319 2021 1484 2062 studuit

134 2086 263 2136 prout
301 2097 422 2124 suam
460 2082 735 2124 nobilitatem
775 2082 917 2123 decuit
955 2080 1302 2122 mansuetissime
1340 2082 1381 2121 et
1414 2079 1483 2121 de-

232 2190 250 2220 7
277 2186 497 2230 perduceret
523 2186 577 2229 D,
605 2185 808 2219 adduceret
835 2185 880 2220 F.
1027 2187 1047 2218 8
1076 2195 1158 2217 cum
1190 2184 1283 2219 deest
1314 2184 1355 2218 in
1380 2183 1483 2219 codd.

140 2237 182 2268 16
210 2233 295 2267 Post
322 2232 417 2266 dixit
442 2234 570 2268 inserit
595 2233 635 2267 F
658 2232 767 2266 enim,
882 2235 926 2266 20
953 2242 1093 2265 morem
1120 2230 1336 2275 negotiandi
1361 2229 1484 2274 gratia

140 2280 240 2360 cocgd.
256 2279 378 2360 {gr-attia
399 2281 674 2361 effiplicationem
694 2290 763 2314 esse
783 2279 948 2314 vocabuli
967 2289 1068 2313 more
1088 2281 1192 2313 ratus
1212 2278 1362 2313 correxi.
1438 2281 1481 2311 21

138 2337 184 2360 au
227 2337 314 2361 viva
358 2337 412 2361 coc
451 2352 457 2358 .
