1583 2552
0 0 12 28 1

0 86 11 128 Ι
615 103 903 144 -25-

4 169 11 190 δ

83 224 159 251 sua
202 208 384 264 coniuge
432 212 656 264 praesente
707 223 858 250 sanum
904 223 997 250 cum
1041 207 1198 263 gaudio
1252 207 1433 262 suscepi.

82 267 164 311 Sed
195 268 246 310 de
277 271 401 310 tanta
433 269 614 324 coniuge
647 268 889 322 stupefacta
927 267 1198 308 decreveram
1229 266 1316 307 iam
1347 281 1433 309 una

81 341 177 369 cum
221 327 392 382 iisdem,
445 328 577 382 quod,
618 327 704 369 nisi
747 327 901 369 fuisset
944 326 1194 368 mandatum
1239 328 1432 367 vestrum

81 390 172 428 tam
203 387 361 428 seriose
391 386 500 428 mihi
531 387 692 428 factum
702 420 712 441 ,
743 400 963 440 nunquam
990 385 1120 427 alicui
1146 385 1309 426 viventi
1339 385 1431 426 eius

42 457 59 482 5
81 445 372 487 condicionem
405 449 448 488 et
480 448 680 487 eventum
711 446 775 487 rei
806 445 1029 499 dixissem,
1067 444 1140 486 sed
1172 444 1218 484 in
1250 458 1431 498 pauper-

79 506 170 546 tate
196 506 239 546 et
263 504 313 545 de
338 505 560 546 laboribus
587 519 791 546 manuum
816 519 1009 546 mearum
1034 504 1198 545 victum
1228 517 1431 557 quaerere

80 563 364 618 cogitavimus
398 564 451 606 ad
482 566 679 618 tempora
709 564 825 605 vitae
856 562 1061 605 nostrae'.

196 621 439 676 Imperator
476 637 575 665 vero
615 623 665 664 de
704 624 838 664 tantis
878 625 921 663 et
961 622 1123 663 talibus
1157 620 1429 662 sermonibus
1444 624 1501 667 39

79 680 262 722 multum
306 681 569 736 stupefactus
614 684 657 723 et
698 682 814 723 ultra
852 695 980 736 quam
1017 681 1133 722 credi
1177 682 1323 734 potest
1361 680 1431 721 ad-

27 755 59 780 10
78 739 238 781 mirans
278 740 354 782 ait:
401 740 474 782 ‘Et
514 741 727 795 quomodo
766 743 913 795 potest
950 741 1032 781 iste
1070 739 1185 780 filius
1224 754 1343 780 meus
1387 742 1430 781 et

78 812 203 852 quem
240 799 381 853 ipsum
420 799 470 841 de
508 800 631 841 vobis
669 798 922 855 generavi?'
983 798 1225 853 Respondit
1260 798 1430 840 Helena

77 856 238 899 dicens:
289 857 490 901 ‘Domine
532 859 765 913 imperator
807 859 965 914 viginti
1009 858 1134 900 annis
1183 857 1342 911 elapsis
1387 859 1430 898 et

78 916 262 970 amplius
306 931 391 959 uno
436 917 601 959 dierum
639 932 717 973 ego
763 932 858 959 cum
897 917 1024 959 sociis
1062 916 1188 971 meis,
1229 931 1338 971 quae
1377 916 1430 957 ad

76 975 228 1016 urbem
260 974 428 1017 Roman
459 977 652 1018 venimus
692 977 746 1018 ad
777 976 1040 1018 visitandum
1078 975 1231 1016 limina
1264 977 1430 1017 sancto-

25 1047 57 1073 15
76 1047 189 1088 rum,
219 1035 403 1076 transivi
434 1050 511 1089 per
540 1038 717 1090 pontem
751 1035 918 1077 Tiberis
952 1038 995 1077 et
1019 1035 1143 1077 vobis
1170 1049 1221 1076 ex
1248 1034 1429 1076 adverso

76 1105 172 1133 cum
204 1093 466 1135 satellitibus
498 1095 654 1136 vestris
686 1095 877 1136 venienti
907 1109 1008 1136 casu
1035 1093 1311 1135 occurrebam
1336 1107 1430 1135 vos-

76 1165 156 1205 que
201 1152 350 1193 statim
394 1153 538 1194 missis
584 1154 842 1208 quibusdam
887 1168 937 1195 ex
984 1153 1140 1199 vestris
1190 1152 1429 1194 mandastis

74 1208 238 1263 hospiti
274 1225 369 1252 meo
408 1226 476 1252 me
514 1215 608 1253 tum
646 1213 816 1266 penitus
861 1212 1135 1267 ignorantem
1177 1214 1227 1253 ut
1264 1226 1333 1253 me
1377 1211 1429 1252 de

74 1267 265 1322 hospitio
310 1284 386 1311 suo
429 1285 517 1312 non
561 1270 801 1313 dimitteret
845 1271 936 1325 sed,
981 1271 1114 1312 donec
1156 1271 1430 1325 propositum

22 1341 56 1366 20
73 1329 264 1368 vestrum
309 1328 359 1369 de
404 1343 471 1370 me
516 1332 770 1384 conceptum
815 1331 1077 1384 expleretur,
1122 1330 1234 1384 apud
1277 1344 1321 1371 se
1364 1344 1428 1370 re-

73 1384 246 1427 tineret.
299 1386 470 1442 Hospes
509 1402 609 1430 vero
643 1392 841 1443 suscepto
873 1389 1078 1431 mandato
1120 1389 1337 1443 imperiali
1369 1388 1430 1429 di-

74 1443 218 1485 missis
251 1445 346 1486 aliis
380 1447 588 1488 consociis
621 1448 728 1489 meis
758 1463 826 1489 me
858 1448 1037 1489 retinuit
1064 1451 1106 1489 et
1132 1448 1238 1488 mihi
1264 1447 1429 1488 furtum

75 1502 298 1545 cuiusdam
334 1504 398 1545 rei
437 1520 557 1560 suae,
597 1521 723 1560 quam
762 1507 845 1548 sibi
883 1507 1071 1548 furatam
1112 1507 1312 1560 asseruit,
1350 1506 1428 1548 im-

73 1575 237 1615 ponens
264 1563 314 1604 de
340 1563 532 1618 hospitio
561 1580 636 1607 suo
663 1566 859 1608 recedere
885 1580 972 1608 non
997 1565 1207 1620 permisit.
1251 1565 1426 1620 Vosque

22 1633 56 1660 25
75 1622 202 1674 capta
228 1624 554 1675 opportunitate
582 1624 634 1665 ad
666 1624 779 1666 idem
811 1625 1051 1679 hospitium
1078 1625 1256 1666 venistis
1289 1627 1332 1666 et
1358 1639 1427 1665 me

72 1680 378 1733 pauperculam
409 1682 512 1724 flore
543 1683 777 1736 pudicitiae
809 1699 929 1726 meae
962 1687 1113 1726 contra
1152 1698 1322 1725 omnem
1353 1698 1426 1725 vo-

73 1737 285 1779 luntatem
305 1754 447 1781 meam
473 1743 516 1782 et
542 1742 654 1783 sicut
678 1743 843 1796 placuit
869 1743 1118 1785 denudastis
1146 1746 1190 1784 et
1214 1742 1427 1784 violenter

73 1797 363 1851 oppressistis.
412 1799 471 1841 Et
502 1800 547 1841 in
574 1801 745 1855 signum
778 1802 891 1856 quod
919 1802 1063 1844 omnia
1094 1802 1180 1843 ista
1205 1816 1307 1843 vera
1338 1802 1427 1843 sint

74 1868 168 1920 ecce
211 1857 416 1898 annulum
460 1862 670 1914 vestrum,
717 1874 814 1902 ecce
856 1861 1078 1902 humerale
1123 1862 1424 1902 ornamentum

21 1915 315 1980 301mperiale,
353 1931 458 1971 quas
490 1932 558 1959 res
590 1918 636 1959 in
673 1919 951 1961 defloratione
983 1935 1080 1962 mea
1111 1920 1219 1961 mihi
1250 1919 1426 1960 amaris-

74 1986 180 2015 S1me
211 1974 331 2016 flenti
364 1979 407 2017 et
439 1976 491 2018 de
521 1980 772 2032 perpetrata
804 1978 916 2020 circa
948 1994 1016 2021 me
1044 1979 1226 2020 nimium
1260 1978 1425 2020 dolenti

74 2032 259 2085 quadam
289 2034 453 2088 pietate
486 2038 626 2078 motus
662 2036 878 2078 tribuistis
912 2040 954 2079 et
987 2053 1093 2093 quas
1126 2037 1240 2092 apud
1272 2051 1341 2079 me
1379 2037 1424 2078 in

169 2187 211 2218 10
230 2185 359 2228 potest
378 2185 449 2220 iste
469 2187 520 2229 D,
545 2186 616 2222 iste
638 2188 765 2232 potest
785 2188 831 2223 F.
928 2192 969 2224 15
990 2189 1130 2233 tyberis
1151 2190 1201 2233 D,
1221 2188 1352 2223 tiberis
1374 2188 1420 2223 F.

71 2231 117 2264 20
142 2229 188 2264 de
214 2241 272 2264 me
298 2231 354 2274 D,
381 2232 426 2267 de
451 2245 489 2267 m
516 2234 562 2269 F.
688 2239 731 2269 25
759 2236 1012 2280 oportunitate
1039 2238 1139 2273 codd.
1262 2240 1307 2271 26
1333 2235 1422 2270 flore

71 2277 190 2321 codd„
216 2278 370 2321 fortasse
395 2281 621 2317 scribendum
647 2285 714 2317 est.-
740 2282 779 2316 in
805 2281 904 2317 flore.
1029 2289 1074 2320 30
1099 2283 1214 2318 michi
1239 2283 1289 2327 D,
1318 2279 1351 2315 ὠ
1372 2282 1421 2317 F.
