1583 2552
10 495 73 535 40

13 1320 71 1360 41

614 97 908 139 „25—

83 203 215 243 istam
248 202 399 243 horam
440 202 504 244 ita
536 203 767 256 occultavi,
806 204 920 258 quod
958 204 1088 246 homo
1126 206 1272 247 vivens
1306 220 1435 260 super

85 264 246 302 terram
289 275 511 316 nunquam
555 263 691 304 scivit.
751 263 811 304 Et
854 263 956 305 licet
1004 279 1127 306 casus
1164 265 1435 306 necessitatis

86 319 256 374 saepius
290 320 460 362 affuerit
488 336 708 375 nunquam
739 324 886 364 tamen
918 337 968 364 ea
998 323 1179 365 vendere
1213 323 1331 365 volui
1363 324 1437 365 sed

86 379 131 419 in
169 379 467 421 testimonium
505 379 664 422 doloris
703 381 788 422 mei
829 384 872 422 et
905 382 1195 436 paenitentiae
1227 397 1361 436 usque
1392 382 1438 424 in

87 437 198 478 diem
231 437 365 480 divini
395 439 541 480 iudicii
573 442 721 480 contra
753 454 828 481 vos
861 455 1081 482 reservare
1113 440 1305 483 decrevi'.
1456 452 1473 478 5

205 496 449 551 Imperator
474 501 618 540 autem
645 498 712 540 his
738 499 865 540 rebus
892 500 995 541 visis
1023 503 1065 541 et
1090 515 1185 541 cum
1211 500 1438 555 diligentia

86 555 258 597 intuitis
298 557 440 611 coepit
473 572 543 598 eas
577 557 715 611 magis
749 572 798 599 ac
829 559 970 612 magis
1002 573 1179 600 noscere
1212 561 1255 600 et
1287 559 1437 600 exinde

86 629 177 656 rem
209 618 378 670 gestam
412 616 465 657 ad
498 617 748 658 memoriam
779 631 980 659 revocare
1012 621 1054 659 et
1085 618 1130 659 in
1162 632 1211 660 eo
1243 618 1437 660 mulieris

87 674 346 728 sapientiam
378 677 421 716 et
451 675 727 717 nobilitatem
758 675 802 716 in
835 676 978 717 animo
1007 691 1082 718 suo
1112 677 1296 718 multum
1329 691 1439 718 com-

87 732 303 775 mendare.
346 733 405 775 Et
429 734 594 775 irruens
620 734 665 775 in
690 735 832 788 ipsam
858 736 1127 789 amplexatus
1153 738 1195 777 et
1221 736 1438 778 osculatus
1459 748 1491 771 10

88 795 154 833 est
193 807 288 834 eam
326 793 489 834 dicens:
545 792 673 835 ‘Vere
713 794 935 848 sanguinis
972 795 1178 836 nobilitas
1218 795 1440 849 praeclari,

87 850 138 891 de
177 865 260 905 quo
301 853 343 892 te
381 855 653 905 procreatam
693 867 782 894 non
823 852 1088 908 dubitamus,
1128 853 1211 894 tibi
1248 853 1335 894 tale
1374 868 1440 895 sa-

86 910 275 963 pientiae
317 911 546 952 consilium
584 911 738 953 indidit
775 915 818 953 et
854 912 1152 954 nobilissimae
1184 911 1439 954 honestatis.

86 968 177 1010 Nec
223 969 314 1010 sine
360 969 537 1011 deorum
581 970 831 1011 sublimium
876 971 1159 1024 dispositione
1202 971 1303 1012 talis
1343 985 1439 1012 con-

88 1028 257 1069 cubitus
291 1028 483 1070 accidere
513 1030 656 1083 potuit
687 1030 738 1071 de
771 1044 853 1084 quo
885 1030 988 1071 talis
1020 1031 1163 1084 proles
1192 1032 1440 1071 nasceretur
1460 1039 1494 1065 15

89 1089 132 1127 et
164 1090 416 1140 sequeretur
449 1088 714 1142 coniugium,
753 1088 865 1143 quod
902 1089 1014 1130 inter
1053 1088 1190 1130 filium
1222 1103 1365 1130 meum
1398 1090 1441 1129 et

88 1145 364 1199 imperatoris
394 1147 506 1188 tanti
538 1147 672 1188 filiam
706 1150 772 1189 est
799 1150 1085 1201 contractum3
1120 1150 1294 1201 oportet
1326 1147 1440 1188 enim

88 1207 136 1244 ut
163 1205 276 1258 quod
302 1205 380 1246 diis
403 1205 730 1259 disponentibus
757 1206 921 1260 placuit
939 1207 1069 1247 finem
1088 1205 1441 1260 praeordinatum

90 1263 325 1306 sortiatur'.

206 1322 266 1363 Et
291 1337 519 1364 conversus
548 1323 598 1364 ad
628 1322 959 1365 Constantinum
992 1324 1101 1365 dixit
1128 1324 1183 1364 ei:
1217 1322 1314 1372 ‘Qui
1341 1325 1442 1364 sunt
1461 1334 1495 1360 20

89 1381 135 1421 hi
173 1384 451 1434 mercatores,
489 1383 562 1435 qui
600 1386 769 1424 tantum
806 1383 972 1424 facinus
1011 1383 1056 1423 in
1095 1382 1356 1436 vituperium
1399 1383 1442 1422 et

90 1440 326 1482 laesionem
364 1440 602 1495 imperialis
640 1441 883 1483 maiestatis
917 1441 1184 1483 committere
1225 1455 1441 1495 praesum-

89 1502 286 1552 pserunt,
316 1502 365 1540 ut
398 1500 481 1540 sibi
514 1500 593 1541 sub
625 1502 715 1541 tam
745 1499 909 1541 nefario
944 1500 1086 1541 colore
1117 1500 1230 1540 tanti
1261 1499 1443 1552 impera-

89 1558 196 1599 toris
234 1558 370 1600 filiam
409 1562 499 1599 tam
535 1559 727 1600 nobilem
765 1562 939 1613 tamque
983 1559 1252 1612 praeclaram
1296 1557 1443 1598 matri-

90 1616 335 1658 monialiter
385 1617 586 1670 copulare
632 1617 940 1671 procurarent?
1014 1617 1138 1670 Ipsos
1190 1619 1238 1658 ut
1288 1616 1441 1670 dignos
1462 1626 1496 1652 25

91 1675 304 1729 supplicio
357 1679 400 1717 et
451 1678 589 1718 morte
639 1676 891 1730 turpissima
949 1675 1190 1717 damnando
1239 1689 1316 1728 per
1364 1674 1443 1715 im-

90 1734 298 1788 perialem
324 1738 519 1776 nostram
547 1735 806 1776 sententiam
832 1735 1069 1776 iudicamus
1094 1737 1137 1776 et
1163 1735 1277 1775 bona
1297 1747 1443 1774 eorum

91 1794 308 1847 quaelibet
328 1794 509 1835 mobilia
529 1797 571 1835 et
591 1794 834 1835 immobilia
855 1793 1166 1835 confiscamus'.
1209 1793 1268 1834 Et
1294 1791 1444 1833 statim

90 1852 268 1893 mittens
308 1852 444 1894 dictos
482 1855 742 1895 mercatores
782 1853 877 1907 capi
914 1852 1136 1894 mandavit
1175 1854 1218 1892 et
1254 1850 1357 1892 fecit
1395 1865 1444 1891 ac

91 1911 204 1952 bona
241 1911 434 1965 ipsorum
472 1912 722 1953 confiscavit
760 1915 802 1953 et
838 1912 1070 1953 confiscata
1109 1909 1255 1952 omnia
1286 1911 1329 1950 et
1361 1909 1443 1949 sin-
1462 1921 1496 1946 30

92 1970 194 2023 gula
231 1969 422 2011 Helenae
462 1985 511 2011 ac
549 1969 833 2012 Constantino
871 1970 962 2011 filio
999 1983 1075 2010 suo
1115 1971 1158 2010 et
1197 1968 1287 2010 eius
1320 1967 1444 2008 uxori

92 2028 272 2069 tradidit
321 2029 592 2084 integraliter
643 2032 686 2070 et
735 2029 924 2071 donavit.
985 2028 1247 2069 Mercatores
1299 2028 1443 2067 autem

187 2136 210 2165 4
235 2132 493 2167 testimonium
518 2134 574 2176 D,
600 2134 865 2167 testamentum
891 2132 938 2167 F.
1044 2137 1063 2167 6
1089 2131 1162 2165 hiis
1190 2131 1289 2166 codd.
1401 2133 1444 2163 14

93 2177 172 2212 sine
197 2180 345 2224 scripsi,
371 2180 470 2214 absit
495 2182 595 2216 codd.
714 2183 755 2214 18
783 2179 1067 2224 disponentibus
1093 2179 1149 2221 D,
1178 2177 1443 2222 omnipotenti-

92 2225 236 2308 lgglde.
328 2231 371 2261 21
399 2226 454 2260 hii
480 2228 579 2263 codd.
672 2231 716 2262 23
743 2226 923 2271 nephario
944 2227 1043 2262 codd.
1137 2230 1180 2261 26
1208 2223 1442 2269 dampnando
