1583 2552
588 93 851 134 —7—

46 203 373 259 praemiserunt.
416 201 659 255 Imperator
686 202 830 241 autem
858 199 1080 240 intellecto
1109 199 1302 253 ipsorum
1329 198 1400 239 ad-

47 266 176 305 ventu
207 277 280 304 eos
311 261 545 303 honorifice
578 259 741 313 recepit
774 261 816 300 et
848 261 1082 300 convocata
1111 258 1324 299 nobilium
1357 260 1400 298 et

45 324 299 377 magnatum
332 320 398 362 sui
429 319 600 373 imperii
632 317 909 360 multitudine
937 317 998 359 eis
1032 317 1229 359 convivia
1261 321 1303 358 et
1336 331 1400 358 so-

46 381 159 422 lacia
195 380 365 421 infinita
401 378 650 433 praeparari
687 376 910 418 mandavit
942 380 985 417 et
1021 376 1136 418 fecit.
1195 375 1401 431 Sequenti

10 450 27 476 5
47 454 148 482 vero
176 439 244 481 die
274 438 399 493 impii
424 439 685 479 mercatores
713 436 987 490 imperatoris
1014 435 1305 490 praesentiam
1335 449 1401 477 ac-

47 499 243 540 cedentes
285 498 369 539 sibi
409 497 636 538 confictam
683 496 898 537 malitiam
943 510 1066 536 suam
1111 498 1400 548 exposuerunt

46 557 255 599 dicentes:
300 556 350 598 Ὅ
388 556 643 611 imperator,
686 554 884 597 dominus
922 557 1068 596 noster
1105 554 1400 596 Romanorum

45 616 281 670 imperator
323 616 484 657 nostris
529 614 759 669 praecipue
804 617 847 656 et
892 613 1075 655 aliorum
1119 613 1291 667 imperii
1334 613 1400 654 sui

46 675 257 728 fidelium,
295 675 368 730 qui
403 688 554 728 pacem
592 673 780 728 diligunt
819 688 867 714 ac
907 675 1069 714 terram
1101 675 1145 714 et
1176 672 1400 714 hominum

0 744 27 769 ιο
47 734 272 775 commoda
299 736 632 788 prosequuntur,
658 732 848 774 consiliis
874 732 1046 773 illectus
1075 735 1117 773 et
1136 732 1275 773 victus
1296 731 1400 772 fina-

46 793 147 834 liter
171 793 320 834 multis
351 792 553 846 precibus
579 792 804 834 nobiscum
836 805 987 845 pacem
1019 791 1159 832 facere
1190 790 1400 844 cogitavit

47 855 89 893 et
120 854 169 893 ut
199 854 408 906 perpetuo
441 851 596 893 robore
629 850 836 892 solidetur
867 850 1004 891 filium
1037 865 1160 891 suum
1188 848 1399 891 Constan-

44 911 183 952 tinum
219 910 336 952 filiae
374 913 542 952 vestrae
574 909 725 950 unicae
763 909 810 950 in
840 909 1165 951 matrimonium
1199 909 1400 963 copulare

46 969 260 1024 disposuit
285 972 328 1011 et
353 972 401 1011 ut
431 969 516 1023 ipsi
547 968 709 1023 pariter
737 968 880 1023 vobis,
913 983 1008 1010 cum
1034 968 1233 1009 heredem
1266 967 1399 1008 alium

0 1038 25 1064 ¹5
44 1042 132 1069 non
173 1028 391 1082 habeatis,
434 1028 479 1069 in
517 1027 778 1069 Graecorum
817 1030 859 1069 et
895 1028 981 1069 sibi
1019 1028 1064 1068 in
1104 1027 1399 1069 Romanorum

44 1086 239 1141 imperiis
260 1087 484 1129 succedere
510 1087 677 1141 possint
701 1090 802 1140 post
822 1089 1006 1128 mortem
1029 1090 1217 1128 vestram
1237 1092 1399 1127 vestro-

43 1160 224 1200 rumque
257 1149 300 1188 et
330 1147 423 1200 ipse
456 1144 767 1187 Constantinus
800 1160 895 1187 cum
929 1146 1109 1200 coniuge
1146 1160 1223 1187 sua
1254 1147 1399 1187 vestra

43 1204 136 1246 filia
172 1205 397 1259 utriusque
435 1205 608 1259 imperii
644 1204 878 1246 monarcha
915 1205 993 1246 fiat
1032 1207 1074 1245 et
1111 1204 1195 1246 toti
1229 1205 1398 1246 saeculo

46 1263 317 1305 dominetur'.

0 1333 25 1359 20
162 1322 404 1377 Imperator
423 1336 524 1364 vero
551 1322 604 1364 de
631 1337 677 1364 re
702 1324 792 1363 tam
818 1322 972 1377 grandi
993 1322 1259 1377 stupefactus
1286 1323 1398 1364 inter
1417 1320 1470 1361 10

45 1395 89 1423 se
122 1381 313 1436 cogitare
345 1381 486 1435 coepit
523 1381 706 1436 qualiter
739 1382 792 1422 ad
829 1381 1075 1424 huiusmodi
1106 1382 1397 1436 responderet.

45 1440 239 1482 Tandem
271 1440 516 1482 convocatis
554 1440 821 1494 principibus
855 1441 943 1482 suis
977 1444 1019 1482 et
1050 1441 1268 1482 nobilibus
1303 1455 1398 1482 curn

46 1499 106 1540 eis
139 1513 266 1553 super
296 1498 364 1540 his
398 1499 687 1541 ministerium
727 1499 897 1541 consilii
929 1500 996 1541 sui
1032 1499 1187 1541 habuit
1219 1502 1262 1541 et
1292 1499 1398 1542 fina-

44 1558 145 1599 liter
176 1557 430 1600 deliberatio
457 1558 650 1600 omnium
681 1558 727 1598 in
758 1557 840 1600 hoc
866 1559 1025 1600 resedit
1054 1559 1168 1613 quod
1200 1559 1292 1613 ipse
1319 1559 1397 1600 im-

0 1627 24 1653 15
44 1619 219 1671 perator
250 1616 513 1658 Graecorum
545 1617 723 1658 attentis
754 1620 986 1672 perpetuae
1015 1618 1133 1671 pacis
1160 1618 1396 1659 commodis

44 1678 245 1729 prompte
275 1675 436 1717 faceret
467 1676 581 1731 quod
612 1676 698 1717 sibi
729 1676 834 1718 adeo
861 1676 1099 1718 liberaliter
1127 1677 1398 1718 offerebatur.

43 1733 126 1775 His
157 1734 344 1788 peractis
376 1735 613 1788 imperator
643 1735 808 1776 vocatis
837 1735 890 1777 ad
918 1750 962 1777 se
994 1736 1119 1777 dictis
1147 1736 1398 1778 mercatori-

43 1793 124 1834 bus
157 1792 266 1834 dixit
298 1793 377 1834 eis:
416 1792 590 1834 ‘Omnia
622 1808 729 1847 quae
760 1794 998 1847 imperator
1029 1794 1250 1836 Romanus
1284 1795 1397 1849 cogi-

43 1851 154 1893 tavit
191 1851 362 1905 explere
398 1852 519 1893 iuxta
555 1852 811 1893 relationem
849 1856 1040 1894 vestram
1072 1854 1216 1907 parati
1249 1868 1395 1895 sumus

0 1920 26 1946 ³0
46 1913 89 1951 et
125 1910 179 1951 ad
214 1913 468 1964 perpetuam
505 1925 655 1965 pacem
688 1925 832 1952 secum
872 1911 1114 1953 faciendam
1147 1915 1190 1953 et
1222 1927 1396 1954 servan-

45 1968 144 2009 dam
174 1968 310 2010 filiam
334 1972 529 2011 nostram
561 1970 730 2011 unicam
762 1970 851 2011 filio
885 1985 961 2012 suo
989 1969 1276 2012 Constantino
1309 1986 1397 2012 ma-

43 2027 350 2069 trimonialiter
375 2029 577 2083 copulare
602 2029 800 2070 volumus
835 2029 888 2070 ad
921 2044 1090 2071 omnem
1124 2030 1321 2071 effectum
1348 2033 1396 2072 ut

141 2182 163 2212 4
187 2178 401 2223 praeparari
420 2189 485 2214 om.
507 2179 552 2214 F.
652 2184 694 2214 21
718 2180 765 2214 ad
787 2180 1002 2214 huiusmodi
1026 2181 1120 2216 idem
1144 2181 1328 2226 siym'ftcat
1353 2192 1397 2216 ac

44 2223 94 2257 ad
118 2224 333 2259 huiusmodi
362 2236 438 2268 res3
471 2227 685 2261 vocabulum
717 2238 774 2261 res
802 2232 885 2272 post
916 2229 1002 2263 haec
1026 2229 1110 2272 ipsa
1134 2229 1242 2263 verba
1266 2229 1307 2263 in
1332 2229 1397 2263 hoc

46 2270 163 2307 libello
189 2273 307 2308 omitti
330 2273 426 2308 solet.
524 2277 568 2308 23
595 2273 667 2308 hiis
694 2275 795 2310 codd.
