1583 2552
682 136 736 140 —
800 125 847 153 XVI
916 137 964 141 —

147 218 354 272 incertus,
418 218 536 259 cuius
591 218 788 260 libellum
845 219 1008 273 primus
1066 218 1196 272 edidi,
1252 221 1400 261 auctor
1449 220 1500 261 de

149 278 336 318 enceniis
370 277 641 331 imperatoris
673 278 1011 331 pretiosissimis.

266 336 330 377 De
382 336 579 377 omnibus
631 342 773 379 autern
825 338 913 378 fere
962 337 1089 378 rebus
1141 351 1166 376 a
1215 335 1498 379 Constantino

147 394 306 450 Magno
349 395 482 449 gestis
527 409 623 436 cum
667 398 819 450 poetae
856 409 1083 450 rerumque
1123 396 1352 450 scriptores
1398 411 1500 437 vera

148 469 244 495 cum
277 454 388 496 fictis
416 457 458 495 et
489 454 616 508 plane
642 454 764 497 falsis
792 456 1018 496 miscentes
1047 457 1114 495 sat
1140 455 1297 495 multas
1329 455 1499 496 fabulas

148 514 433 555 confinxerint
465 513 736 568 gloriamque
767 514 1041 568 imperatoris
1075 513 1266 554 omnium
1302 513 1498 555 christia-

146 573 314 613 nissimi
357 573 438 614 fide
482 573 685 614 narrandi
729 588 905 627 prorsus
950 572 1148 627 neglecta
1193 575 1399 626 augentes
1445 573 1498 614 ad

146 635 340 672 nostram
373 631 626 673 memoriam
658 632 922 685 rettulerint3
956 646 1084 686 quam
1116 631 1300 672 maxime
1333 632 1384 672 ad
1416 632 1499 674 1100

146 694 317 745 tempus
345 691 501 732 mirum
526 690 611 731 fuit
638 691 688 732 de
717 692 795 745 eis,
827 706 935 745 quae
961 691 1160 732 iuvenis
1188 688 1499 732 Constantinus

145 750 373 803 perfecerit
418 750 657 804 quibusque
702 751 788 791 iam
832 750 997 791 iuvenis
1038 750 1248 791 honorem
1292 763 1498 804 magnum

145 809 326 863 adeptus
361 824 452 850 esse
485 809 667 863 dicatur,
710 823 856 850 omnes
891 809 1120 863 scriptores
1152 808 1240 849 fere
1270 808 1381 849 nihil
1412 811 1497 849 tra-

145 868 243 908 dere
277 868 539 909 altissimum
572 870 766 910 tenentes
800 868 1031 909 silentium.
1079 866 1205 908 Nunc
1230 882 1331 909 vero
1363 867 1497 909 habes

145 928 276 968 etiam
328 927 377 968 de
428 927 648 968 iuventute
698 927 972 982 imperatoris
1017 926 1312 968 inlustrissimi
1357 926 1497 980 eopus-

145 985 304 1026 culum'
338 986 486 1027 multis
519 986 673 1040 quibus
706 986 821 1027 haud
853 1000 1030 1040 parvam
1061 985 1204 1040 capias
1230 986 1497 1039 voluptatem

142 1045 303 1086 fabulis
336 1045 570 1086 abundans.

262 1103 325 1145 De
357 1104 513 1145 harum
544 1104 792 1145 fabularum
830 1104 1023 1145 fontibus
1057 1105 1099 1144 et
1131 1104 1181 1144 de
1214 1116 1380 1157 genere,
1413 1118 1496 1158 quo

142 1163 332 1204 incertus
370 1163 440 1204 1110
480 1165 628 1204 auctor
664 1163 709 1204 in
751 1163 812 1204 eis
853 1162 1077 1204 narrandis
1123 1177 1224 1204 usus
1270 1164 1353 1215 est,
1398 1162 1498 1203 scri-

145 1222 272 1263 bendi
298 1222 511 1276 rebusque
538 1224 704 1276 ceteris,
734 1236 841 1276 quae
868 1222 922 1262 ad
947 1221 1029 1263 hoc
1057 1221 1313 1275 opusculum
1339 1221 1496 1262 rectius

144 1281 465 1334 percipiendum
498 1280 731 1331 attineant,
764 1281 849 1321 alio
884 1281 978 1322 1000
1013 1295 1106 1321 311111
1140 1280 1422 1334 expositurus.

262 1338 483 1393 Codicum,
517 1355 568 1381 ex
595 1340 748 1394 quibus
776 1339 903 1380 huius
931 1339 1031 1380 libri
1060 1354 1136 1393 per
1162 1339 1299 1379 multa
1325 1338 1497 1379 saecula

143 1398 317 1440 silentio
356 1413 534 1452 prorsus
575 1399 775 1439 exstincti
813 1398 1065 1440 memoriam
1098 1398 1357 1451 repetiturus
1390 1411 1496 1451 311111,

142 1457 254 1498 alter
277 1473 301 1498 a
328 1472 395 1499 me
423 1457 571 1498 littera
592 1456 629 1497 D
652 1457 919 1511 significatus
947 1459 1012 1497 est
1038 1456 1325 1498 bibliothecae
1352 1456 1496 1510 regiae

141 1516 336 1569 publicae
364 1516 619 1557 Dresdensis
653 1516 695 1558 eJ
724 1515 817 1570 46⁷,
849 1516 903 1556 ad
930 1530 1058 1570 quam
1086 1530 1197 1557 anno
1228 1515 1340 1557 1832
1369 1514 1406 1556 ‘e
1431 1517 1494 1555 ta-

142 1575 309 1616 bulario
343 1574 477 1630 regio'
509 1575 718 1629 pervenit.
776 1574 969 1628 Scriptus
1004 1577 1085 1628 est,
1123 1574 1166 1614 id
1199 1573 1313 1628 quod
1346 1587 1396 1613 ex
1428 1573 1496 1613 lit-

141 1637 331 1675 terarum
377 1634 719 1688 conscriptarum
766 1647 922 1688 genere
968 1633 1121 1687 elucet,
1167 1632 1336 1674 saeculo
1380 1631 1494 1673 XIV.

142 1695 185 1733 et
212 1693 405 1734 continet
430 1692 546 1734 foliis
580 1693 701 1734 1——9
728 1692 810 1734 hoc
843 1692 1115 1746 opusculum,
1148 1691 1216 1733 cui
1242 1691 1394 1732 titulus
1429 1690 1494 1731 ‘de

140 1754 289 1793 sancta
327 1751 509 1793 Helena'
549 1752 779 1806 inscriptus
820 1754 901 1803 est3
940 1751 1057 1792 foliis
1097 1751 1121 1791 9
1162 1752 1204 1791 et
1246 1750 1298 1791 10
1337 1749 1494 1804 legitur

144 1808 372 1851 ‘Coronica
409 1810 651 1864 principum
691 1809 986 1852 Misnensium’
1027 1809 1141 1850 edita
1175 1810 1220 1850 in
1251 1807 1495 1850 Menckenii

146 1870 341 1923 scriptor.
373 1883 450 1910 rer.
485 1883 615 1924 germ.
648 1868 711 1910 ΠΙ
743 1884 782 1922 p.
817 1870 913 1910 346.

259 1927 438 1969 Minoris
478 1929 606 1982 pretii
640 1930 704 1969 est
737 1928 845 1968 alter
880 1927 1011 1968 codex
1050 1926 1341 1968 bibliothecae
1374 1939 1494 1980 gym-

139 1987 251 2028 nasii
290 1987 511 2028 Albertini
548 1987 845 2041 Fribergensis
885 1984 1083 2027 Saxonici
1125 1985 1273 2026 littera
1303 1983 1337 2025 F
1369 1999 1395 2025 a
1425 1999 1493 2024 me

139 2048 316 2087 notatus
345 2046 505 2087 saeculi
530 2045 623 2087 XV.
651 2060 747 2086 cum
774 2045 871 2086 aliis
898 2044 1116 2086 codicibus
1149 2058 1234 2085 uno
1261 2042 1494 2097 eodemque

142 2105 360 2146 volumine
388 2104 723 2158 comprehensus
753 2103 995 2158 significato
1031 2102 1106 2144 ‘CL
1134 2101 1229 2143 VII.
1254 2101 1352 2143 Frb.
1383 2100 1494 2142 141³.

137 2162 187 2204 In
236 2163 320 2204 fine
357 2163 483 2204 huius
524 2163 685 2205 codicis
724 2162 852 2203 rubro
892 2162 1034 2203 colore
1076 2163 1251 2202 exarata
1290 2161 1494 2214 leguntur

137 2222 263 2263 haec:
292 2221 500 2276 ‘Explicit
526 2222 710 2263 historia
737 2220 1010 2263 Constantini
1037 2219 1311 2275 imperatoris
1337 2218 1492 2259 Roma-

138 2295 295 2322 norum
328 2284 371 2322 et
403 2279 663 2322 Grecorum'.
