1583 2552
620 105 874 146 *9—

74 211 344 266 propositum
370 224 494 251 suum
519 210 754 251 terminare
781 210 1001 264 cupientes
1027 211 1333 265 imperatorem
1358 226 1424 253 ac-

75 272 294 312 cesserunt
326 269 535 310 dicentes:
581 268 782 310 ‘Domine
813 269 1067 323 imperator,
1106 284 1182 312 vos
1215 270 1322 311 scire
1355 271 1424 311 de-

73 328 197 382 betiS,
229 327 343 382 quod
367 328 411 369 in
435 341 606 369 recessu
630 330 780 369 nostro
813 327 863 369 de
889 328 996 369 urbe
1023 343 1048 369 a
1073 328 1246 370 domino
1273 332 1424 371 nostro

73 387 368 429 Romanorum
399 387 658 441 imperatore
686 387 932 441 specialiter
959 387 1199 441 recepimus
1232 388 1277 428 in
1308 403 1425 430 man-

39 458 55 484 5
76 446 201 500 datis,
226 449 274 487 ut
297 445 462 501 nuptiis
483 460 579 487 cum
601 446 893 488 sollemnitate
918 447 1103 500 peractis
1124 447 1261 487 filium
1289 462 1426 499 suum,

75 520 200 560 quem
244 505 355 546 sicut
399 519 444 546 se
487 505 630 559 ipsum
673 504 835 559 diligit,
886 519 980 546 cum
1026 520 1103 546 sua
1146 506 1326 560 coniuge
1371 506 1426 546 ad

73 564 257 605 Romam
288 564 487 605 reducere
520 564 765 618 debeamus,
798 564 910 618 quod
941 564 1026 604 nisi
1057 563 1284 605 fecerimus
1316 565 1427 606 nihil

74 623 192 664 aliud
223 623 349 664 nobis
376 625 572 676 superest
596 622 681 663 nisi
706 623 829 665 mori.
876 623 1049 664 Placeat
1075 636 1178 677 ergo
1205 623 1425 665 maiestati

73 683 244 722 vestrae
276 681 412 722 filiam
443 684 631 723 vestram
659 695 754 722 cum
787 696 863 723 suo
895 681 986 722 filio
1016 682 1237 723 remittere
1269 682 1427 736 ipsam-

0 752 54 777 Ἰιο
75 754 156 794 que
192 740 318 781 nobis
356 740 467 781 sicut
503 740 553 781 de
591 740 680 782 filio
721 755 797 781 suo
829 740 932 781 fecit
962 740 1168 781 traditam
1208 740 1260 781 ad
1291 756 1425 783 reces-

74 813 169 840 sum
201 799 312 840 sicut
342 799 561 840 maiestati
589 802 759 840 vestrae
791 799 955 853 placuit
981 802 1023 840 et
1049 813 1287 854 congruere
1311 801 1426 842 vide-

72 857 192 899 bitur
222 857 349 899 citius
381 857 609 912 expedire’.

190 915 432 970 Imperator
468 916 539 957 his
578 917 736 958 auditis
774 931 860 958 una
898 931 995 958 cum
1036 917 1311 971 imperatrice
1349 933 1426 959 sua
1442 916 1498 956 13

74 975 255 1029 conjuge
289 975 522 1029 stupefacti
554 979 596 1017 et
627 975 678 1016 de
709 975 871 1016 talibus
903 976 1086 1017 novibus
1118 977 1301 1017 nimium
1328 991 1425 1018 con-

20 1044 54 1070 15
73 1034 239 1075 tristati
258 1036 492 1088 coeperunt
516 1034 629 1075 inter
652 1049 696 1075 se
723 1035 879 1076 dicere:
908 1034 1146 1083 ‘Quomodo
1172 1050 1251 1077 nos
1278 1036 1427 1077 miseri

74 1092 147 1147 qui
166 1094 336 1134 tantum
357 1093 527 1134 unicam
547 1093 757 1135 habemus
779 1094 914 1134 filiam
934 1093 1148 1148 heredem,
1172 1094 1222 1135 de
1244 1095 1426 1136 duorum

71 1151 298 1193 hominum
330 1154 630 1194 extraneorum
663 1152 902 1194 assertione
934 1153 978 1193 in
1009 1155 1180 1193 tantum
1214 1153 1426 1195 confidere

71 1224 319 1263 possumus,
364 1211 476 1264 quod
519 1211 654 1252 filiam
694 1213 891 1252 nostram
935 1226 1063 1266 quam
1108 1212 1218 1253 sicut
1256 1213 1426 1254 animas

71 1270 244 1309 nostras
270 1269 490 1324 diligimus
518 1284 730 1324 quamque
756 1270 802 1310 in
828 1271 992 1324 gremio
1027 1271 1249 1325 sanguinis
1283 1271 1426 1313 cordis

19 1338 52 1364 20
71 1327 211 1368 nostri
238 1328 518 1369 enutrivimus
545 1329 691 1369 lumen
717 1329 939 1370 oculorum
964 1332 1211 1370 nostrorum
1232 1333 1275 1371 et
1300 1331 1425 1372 bacu-

71 1386 161 1427 lum
205 1386 437 1428 senectutis
474 1390 646 1428 nostrae
690 1402 919 1441 possumus
959 1402 984 1428 a
1022 1389 1150 1430 nobis
1193 1404 1327 1443 usque
1373 1389 1426 1430 ad

71 1447 241 1486 tantam
281 1445 364 1486 loci
395 1445 648 1487 distantiam
681 1459 907 1501 segregare
938 1447 1198 1501 nescientes,
1237 1449 1272 1489 si
1303 1448 1427 1503 longi

71 1503 235 1557 latique
255 1504 385 1545 maris
409 1504 655 1545 intermedii
678 1505 975 1547 transfretatio
997 1520 1071 1547 seu
1090 1507 1257 1548 viarum
1279 1507 1426 1548 discri-

72 1561 191 1603 mina
211 1562 565 1617 longissimarum
583 1565 715 1605 talem
734 1564 919 1605 fortasse
940 1579 1062 1606 casus
1078 1568 1283 1607 'eventum
1303 1581 1425 1620 prae-

18 1631 52 1657 25
71 1620 189 1674 beat,
239 1624 288 1662 ut
329 1622 464 1663 filiam
506 1625 701 1663 nostram
751 1623 1079 1665 dilectissimam
1125 1639 1244 1679 spem
1287 1625 1425 1666 totius

73 1679 224 1721 solacii
253 1680 392 1721 nostri
415 1680 461 1721 in
485 1680 568 1722 hoc
593 1682 762 1723 saeculo
787 1696 1010 1736 nunquam
1035 1683 1180 1724 vivam
1206 1684 1256 1724 de
1283 1686 1424 1725 cetero

71 1737 233 1780 nostris
254 1739 388 1780 oculis
415 1739 682 1781 videamus?
729 1739 780 1781 Ὁ
810 1741 858 1794 si,
887 1742 999 1795 quod
1026 1741 1151 1792 absit,
1178 1742 1286 1783 talia
1311 1757 1426 1784 nova

71 1796 335 1851 reciperem',
361 1797 501 1851 inquit
526 1801 677 1851 mater,
704 1798 821 1853 ‘quid
850 1800 967 1841 aliud
991 1803 1173 1842 restaret
1197 1801 1282 1842 nisi
1309 1801 1424 1855 quod

71 1869 140 1896 me
171 1855 325 1897 merito
364 1870 442 1910 pro
475 1857 621 1898 dolore
653 1857 945 1912 iugularem?'
1002 1859 1247 1914 Imperator
1279 1863 1424 1901 autem

19 1925 150 1954 aonec
188 1928 390 1956 coronam
427 1915 696 1970 imperialem
735 1931 811 1958 suo
850 1917 984 1971 capiti
1027 1918 1247 1972 imponere
1292 1919 1424 1960 immo

70 1986 149 2013 nec
187 1972 297 2014 sieut
332 1974 463 2016 homo
500 1975 667 2016 ratione
705 1978 830 2016 utens
868 1976 1047 2029 pedibus
1091 1978 1137 2018 in
1180 1980 1296 2018 terra
1337 1992 1425 2018 am-

70 2030 220 2073 bulare
247 2032 320 2073 sed
347 2033 459 2074 sicut
485 2034 649 2075 animal
676 2034 839 2075 cunctis
872 2035 1132 2076 horrendum
1161 2049 1425 2077 venenosum

167 2138 187 2168 5
216 2135 493 2180 sollempnitate
520 2138 619 2172 codd.
745 2141 763 2172 7
789 2136 907 2171 nichil
932 2139 1033 2173 codd.
1153 2143 1194 2174 13
1222 2139 1295 2174 hiis
1322 2141 1422 2175 codd.

74 2184 118 2215 14
142 2181 300 2215 novibus
327 2184 427 2218 codd.
455 2185 495 2227 (2)
599 2189 642 2219 19
670 2185 861 2229 sanguinis
894 2196 958 2221 om.
984 2185 1035 2219 F.
1135 2191 1179 2221 20
1212 2189 1249 2221 et
1283 2198 1347 2222 om.
1375 2188 1422 2221 F.

72 2231 117 2261 22
152 2229 260 2263 tanta
294 2228 370 2263 loci
404 2230 627 2265 distanciam
661 2232 718 2274 D,
753 2233 859 2266 tanta
889 2231 963 2266 loci
995 2232 1181 2268 distancia
1208 2234 1255 2269 F.
1379 2238 1423 2269 29

71 2274 205 2310 merito
230 2277 272 2310 in
297 2277 336 2310 D
361 2279 544 2322 repetitur.
645 2283 688 2313 30
713 2289 838 2322 ymmo
864 2280 964 2314 codd.
