1583 2552
63 774 97 798 10

65 1067 98 1092 15

65 1361 99 1385 20

67 1654 101 1679 25

68 1948 103 1973 30

646 127 932 168 —23-

115 234 365 277 licatissime
408 234 676 275 manducare.
737 233 980 288 Imperator
1026 248 1125 275 vero
1170 248 1260 275 rem
1306 234 1464 276 tacitus

116 293 390 336 considerans
410 292 621 334 Helenam
640 294 740 346 post
761 307 954 333 mensam
975 292 1027 334 ad
1048 307 1091 333 se
1113 293 1282 334 vocavit
1302 293 1464 334 dicens:

115 352 414 407 ‘Nequaquam
451 352 516 393 ita
553 354 619 393 est
657 351 707 392 de
745 351 834 392 filio
875 354 947 393 tuo
987 354 1029 393 et
1067 366 1197 393 uxore
1231 352 1322 393 eius
1355 352 1466 393 sicut

115 411 279 465 dixisti;
319 414 361 453 et
402 410 489 452 nisi
530 411 655 452 nobis
694 410 745 451 de
783 410 1029 452 huiusmodi
1066 410 1183 452 dicas
1229 411 1468 465 veritatem,

116 470 382 524 imperialem
414 469 687 511 maiestatem
712 472 756 510 te
783 470 893 511 scias
921 469 1112 523 graviter
1144 469 1357 511 offendere
1389 484 1467 512 nec

117 529 304 570 debitam
347 531 390 570 te
432 528 605 570 noveris
651 528 829 570 evadere
873 543 1000 582 posse
1044 528 1283 571 ultionem'.
1346 528 1467 577 Quod

116 587 293 629 audiens
313 587 480 629 Helena
499 587 623 629 dixit:
651 586 850 629 eDomine
870 588 1124 641 imperator:
1153 602 1202 629 ex
1223 602 1306 642 quo
1328 587 1466 629 modis

116 647 317 688 omnibus
356 647 462 688 scire
501 646 631 687 voltis
669 646 795 687 huius
833 647 894 687 rei
933 647 1179 699 veritatem,
1218 647 1328 688 detis
1362 646 1468 688 mihi

116 705 306 747 indutias
338 705 527 747 modicas
561 708 603 746 et
636 719 714 760 ego
742 720 913 747 reversa
939 720 1036 747 cum
1063 706 1152 747 filio
1180 720 1275 747 meo
1310 709 1352 747 et
1378 705 1468 746 filia

117 764 258 805 dicam
301 763 453 806 vobis'.
512 763 756 818 Imperator
805 779 904 806 vero
945 779 988 805 se
1033 765 1077 805 in
1121 764 1203 806 hoc
1248 765 1469 806 difficilem

115 822 314 875 reddens,
346 823 420 864 sed
446 823 584 864 victus
610 823 783 864 tandem
810 823 900 864 eius
934 823 1131 877 precibus
1162 824 1275 864 diem
1308 826 1469 865 certam

116 881 320 923 redeundi
351 884 394 923 et
424 882 662 936 praemissa
692 882 858 924 dicendi
893 882 977 923 sibi
1010 882 1261 937 assignavit.

232 939 315 981 Die
337 955 435 982 vero
457 943 623 982 statuta
643 941 894 983 adveniente
914 940 1082 982 Helena
1103 942 1320 994 annulum,
1341 956 1468 995 quem
1485 940 1540 982 37

117 999 201 1040 sibi
232 999 470 1053 imperator
501 1000 548 1040 in
579 999 858 1042 defloratione
885 1015 963 1041 sua
989 1003 1036 1041 ut
1067 1000 1258 1054 praedixi
1284 1000 1471 1054 dederat,

118 1072 204 1099 una
243 1072 339 1099 cum
375 1058 647 1100 nobilissimo
686 1059 903 1113 imperiali
946 1059 1159 1100 humerali
1204 1062 1471 1113 ornamento,

119 1131 224 1171 quas
262 1131 330 1158 res
368 1117 588 1171 praedicta
626 1116 794 1159 Helena
832 1133 967 1172 usque
1005 1118 1051 1159 in
1089 1119 1229 1172 ipsam
1263 1118 1376 1160 diem
1408 1119 1472 1159 ita

119 1175 428 1230 occultaverat,
461 1177 573 1231 quod
599 1177 709 1218 nulli
735 1177 898 1218 viventi
932 1177 982 1218 de
1009 1177 1090 1218 hoc
1119 1177 1351 1231 quidquam
1377 1192 1473 1219 con-

119 1234 235 1275 stitit
264 1249 343 1275 nec
374 1236 620 1289 constabat,
653 1236 765 1289 apud
798 1251 843 1277 se
876 1239 1036 1277 secrete
1068 1236 1279 1289 recipiens
1313 1235 1365 1277 ad
1397 1236 1474 1277 1111-

119 1294 365 1345 peratorem
402 1308 488 1335 una
526 1308 623 1335 cum
661 1294 751 1336 filio
791 1309 867 1335 suo
906 1297 948 1335 et
985 1295 1077 1336 filia
1108 1309 1280 1336 reversa
1314 1295 1398 1336 fuit
1430 1297 1473 1337 et

120 1354 241 1393 stans
273 1351 320 1392 111
349 1352 487 1406 ipsius
518 1353 765 1406 praesentia
792 1353 901 1394 dixit
927 1353 1010 1395 sibi
1038 1354 1337 1407 supplicando:
1372 1353 1473 1395 ‘Do-

120 1409 237 1452 mine
263 1410 518 1465 imperator,
542 1425 668 1466 rogo,
694 1415 743 1453 ut
770 1427 915 1454 amore
940 1412 1009 1454 dei
1035 1413 1080 1453 in
1106 1412 1186 1466 his,
1215 1428 1323 1467 quae
1350 1413 1472 1454 vobis

121 1469 229 1523 dixi,
273 1470 466 1511 contenti
504 1470 599 1511 sitis
639 1474 681 1512 et
719 1486 787 1512 me
825 1471 879 1512 ad
916 1471 1123 1513 ulteriora
1167 1472 1346 1513 dicenda
1386 1486 1475 1513 11011

121 1526 316 1582 cogatis'.
383 1527 650 1582 Imperatore
695 1533 841 1571 autem
884 1530 966 1571 hoc
1010 1529 1151 1571 facere
1194 1530 1368 1584 penitus
1413 1545 1474 1572 re-

122 1589 299 1628 cusante
345 1591 387 1628 et
430 1587 485 1628 ad
529 1587 772 1642 dicendum,
819 1589 1005 1642 qualiter
1049 1593 1163 1630 esset
1207 1589 1257 1630 de
1303 1590 1392 1631 filio
1432 1593 1474 1631 et

122 1644 230 1695 filia,
267 1645 409 1699 ipsam
447 1647 574 1688 minis
609 1650 651 1688 et
687 1647 924 1689 terroribus
964 1651 1186 1689 coartante
1227 1648 1335 1690 dixit
1373 1649 1474 1690 sibi:

122 1703 340 1757 Domine,
390 1705 428 1745 si
477 1705 622 1747 dixero
671 1706 793 1747 vobis
838 1706 1083 1757 veritatem,
1133 1722 1222 1748 non
1272 1708 1473 1761 credetis,

121 1777 270 1803 verum
300 1764 464 1817 tamen,
497 1778 547 1805 ex
579 1779 662 1818 quo
695 1764 854 1806 habere
886 1780 975 1807 non
1000 1766 1129 1807 voltis
1157 1780 1224 1806 me
1252 1766 1302 1807 de
1328 1766 1473 1808 huius-

123 1820 240 1862 modi
284 1821 604 1877 subportatam,
646 1826 815 1864 vestrae
854 1824 1029 1865 notifico
1076 1825 1313 1879 maiestati,
1360 1825 1474 1879 quod

122 1879 204 1921 iste
236 1878 562 1935 Constantinus,
604 1881 718 1923 filius
753 1896 889 1935 meus,
928 1885 994 1924 est
1025 1883 1141 1925 filius
1175 1886 1328 1926 vester.
1377 1883 1473 1939 Ego

122 1938 264 1991 ipsum
308 1939 358 1980 de
407 1940 531 1982 vobis
581 1941 766 1995 suscepi,
817 1942 890 1995 qui
934 1956 1001 1982 me
1050 1943 1357 1996 pauperculam
1402 1957 1474 1996 op-

121 1997 368 2050 pressistis’.

239 2055 299 2097 Et
328 2057 539 2111 incipiens
567 2058 708 2112 coepit
739 2058 823 2100 sibi
853 2074 1030 2101 narrare
1062 2060 1383 2102 totamseriem
1409 2060 1471 2102 rei
1486 2058 1544 2099 38

123 2116 290 2167 gestae,
323 2116 434 2157 sicut
465 2116 510 2157 in
540 2117 751 2171 principio
785 2119 1022 2171 praesentis
1057 2120 1252 2172 opusculi
1285 2119 1474 2161 contine-

221 2210 239 2241 7
266 2205 423 2242 Domine
450 2219 514 2244 om.
537 2208 583 2243 F.
682 2213 702 2243 s
725 2209 838 2243 voltis
860 2210 914 2253 D,
942 2210 1044 2244 this
1069 2210 1116 2244 F.
1216 2215 1257 2245 21
1280 2210 1352 2244 hiis
1374 2197 1496 2246 codd?

125 2256 169 2304 22
197 2252 299 2334 &iiis
327 2255 445 2298 eodd.,
471 2254 553 2289 sitis
581 2257 730 2292 correxi.
829 2261 873 2291 27
906 2257 1020 2292 voltis
1048 2259 1146 2293 codd.
1258 2262 1301 2292 29
1328 2257 1399 2292 iste
1424 2257 1476 2300 D,

125 2310 206 2344 ipse
273 2328 280 2336 .
