1583 2552
695 139 985 180 —20-

93 241 147 283 31
283 241 363 284 His
409 257 507 285 vero
553 243 597 284 in
637 244 762 286 corde
800 259 876 286 suo
916 245 1042 287 dictis
1080 245 1249 289 Helena
1291 251 1514 293 encenium

162 301 431 356 praedictum
458 302 508 343 de
534 317 665 344 manu
690 317 822 345 nurus
849 318 950 345 suae
977 305 1138 359 recepit
1164 306 1387 362 ipsumque
1414 313 1515 363 post

162 361 268 402 haec
305 375 392 401 non
430 361 578 402 multis
618 362 777 416 elapsis
816 361 967 405 diebus
1006 364 1202 406 vendidit
1239 380 1316 418 pro
1354 381 1515 422 magna

162 420 369 474 pecuniae
406 421 665 475 quantitate3
705 420 755 462 de
793 421 911 463 cuius
950 422 1121 476 quidem
1153 424 1359 477 pecuniae
1391 430 1512 479 parte

162 493 296 519 unum
334 478 618 533 domicilium,
656 480 702 520 in
739 494 821 534 quo
856 495 933 533 per
965 481 1112 535 aliqua
1143 484 1340 537 tempora
1370 484 1513 539 hospi·
1533 497 1549 523 5

162 537 272 579 tium
304 537 478 579 advenis
504 538 644 579 tenuit
671 540 713 579 et
741 538 934 593 hospites
961 541 1309 593 supervenientes
1341 543 1515 598 recepit,

163 597 442 650 comparavit.
510 596 569 638 Et
615 597 675 638 sic
717 597 832 639 facta
879 598 1137 652 stabularia,
1188 614 1232 641 se
1277 601 1428 643 exinde
1473 605 1516 643 et
1570 645 1571 649 ,

161 669 317 697 1111111111
362 670 484 697 3113111
528 670 613 697 11113
657 670 752 697 011111
796 656 884 698 filio
930 671 1006 698 suo
1054 658 1261 700 enutrivit
1304 659 1515 703 decenter.

162 713 307 755 Nurus
346 728 447 756 vero
486 714 676 756 Helenae
715 715 760 756 in
797 717 969 757 textura
1014 730 1193 770 operum
1238 718 1515 760 muliebrium

163 776 514 827 sumptuosorum
535 776 578 815 et
597 774 810 815 nobilium
837 774 1066 816 secundum
1094 776 1206 829 quod
1227 791 1347 818 suam
1374 777 1516 819 decuit
1536 789 1571 815 w

163 832 456 873 condicionem
489 847 605 874 more
639 833 932 874 subtilitatum
964 833 1168 876 Graeciae
1206 835 1314 876 bene
1346 835 1515 877 erudita
1565 822 1583 900 1

162 891 322 932 bonam
348 891 574 945 pecuniam
601 891 650 932 de
676 891 824 933 labore
844 907 1048 933 manuum
1075 893 1249 934 cottidie
1270 894 1515 936 lucrabatur
1565 887 1583 938 4}

164 952 206 991 et
237 949 429 991 Helenae
462 952 669 1004 tanquam
703 965 803 992 suae
842 950 1039 992 dominae
1079 952 1308 994 oboediens
1342 956 1384 994 et
1417 953 1514 994 sub-

163 1009 275 1050 iecta
308 1009 487 1063 obsequi
513 1024 599 1051 non
630 1009 947 1064 dedignabatur
972 1010 1017 1051 in
1043 1011 1243 1052 omnibus
1272 1013 1315 1052 et
1343 1011 1514 1052 servire.

93 1063 149 1106 32
282 1066 592 1109 Constantinus
614 1070 758 1110 autem
784 1083 885 1109 suae
911 1083 1090 1122 sequens
1116 1069 1359 1111 nobilitatis
1387 1070 1515 1124 origi·
1536 1082 1550 1106 1

163 1141 280 1178 nem,
319 1141 449 1180 quam
486 1130 632 1168 tamen
670 1127 842 1181 penitus
881 1127 1114 1182 ignoravit,
1148 1143 1192 1170 se
1225 1143 1276 1169 ex
1308 1128 1517 1170 instinctu
1568 1133 1571 1148 '

165 1186 367 1240 quodam,
407 1200 532 1239 quem
572 1186 654 1227 sibi
692 1189 847 1227 natura
893 1200 943 1227 ex
980 1186 1119 1228 nobili
1164 1187 1375 1242 sanguine
1418 1202 1516 1241 pro-
1566 1193 1571 1204 “

164 1247 310 1286 creata
351 1244 678 1298 ingerminavit,
718 1245 770 1286 ad
803 1247 925 1286 actus
958 1245 1169 1287 militares
1202 1260 1247 1287 se
1280 1245 1408 1286 dedit.
1456 1245 1517 1286 Et

165 1303 211 1344 in
241 1305 412 1345 tantum
445 1304 491 1344 in
521 1303 769 1345 hastiludiis
801 1306 843 1345 et
874 1304 1186 1345 torneamentis
1212 1307 1256 1345 et
1282 1304 1380 1345 aliis
1407 1304 1517 1344 mili·
1562 1298 1571 1358 1

164 1362 331 1403 taribus
365 1362 532 1403 actibus
566 1376 611 1403 se
638 1377 833 1404 exercere
861 1362 1018 1416 coepit,
1053 1363 1165 1416 quod
1196 1362 1373 1404 tandem
1404 1363 1518 1403 inter
1536 1373 1552 1399 2

165 1435 312 1462 omnes
352 1421 514 1462 milites
555 1424 596 1462 et
633 1421 820 1475 nobiles,
859 1435 1040 1474 quorum
1078 1424 1180 1462 tunc
1220 1421 1428 1474 temporis
1472 1421 1518 1461 in

163 1479 305 1521 Roma
350 1482 442 1521 erat
486 1482 528 1521 et
580 1479 756 1521 cottidie
801 1479 851 1520 de
891 1479 1087 1520 omnibus
1130 1479 1277 1520 mundi
1320 1478 1516 1533 partibus

165 1538 325 1579 ibidem
364 1538 608 1580 confluebat
645 1538 972 1580 innumerabilis
1012 1537 1153 1592 copia,
1191 1537 1265 1592 qui
1297 1552 1341 1579 se
1372 1537 1517 1579 huius-

166 1597 282 1638 modi
315 1597 486 1638 solaciis
513 1597 714 1639 continue
741 1597 1009 1650 exercebant,
1040 1598 1207 1638 tantam
1233 1596 1394 1637 famam
1421 1610 1517 1637 con-

166 1656 320 1709 traxit,
353 1656 466 1710 quod
497 1656 641 1697 nullus
673 1656 718 1697 in
749 1656 855 1697 urbe
881 1654 1021 1696 Roma
1048 1653 1332 1696 Constantino
1365 1655 1516 1696 melior
1536 1665 1552 1691 2

167 1714 421 1756 credebatur
453 1715 497 1755 in
528 1715 690 1756 talibus
723 1713 919 1756 inveniri.

96 1770 152 1811 33
286 1773 478 1814 Tandem
523 1772 803 1815 Constantius
854 1773 1090 1826 imperator
1132 1771 1353 1813 Romanus
1404 1771 1517 1813 diem

165 1832 324 1873 natalis
358 1832 424 1873 sui
456 1846 507 1873 ex
539 1847 657 1874 more
691 1845 818 1887 agere
844 1831 994 1873 volens
1020 1830 1192 1872 vocavit
1225 1844 1371 1872 omnes
1399 1844 1518 1872 sena-

165 1894 301 1945 tores,
337 1891 553 1945 tribunos,
590 1892 858 1933 centuriones
898 1892 940 1931 et
977 1889 1136 1931 milites
1170 1890 1212 1929 et
1252 1889 1318 1929 die
1352 1891 1518 1929 statuta

167 1950 394 1992 sollemnia
418 1950 577 1991 natalis
604 1951 670 1992 sui
696 1952 744 1991 ut
770 1950 1047 1992 consueverat
1070 1946 1313 1988 celebravit.
1355 1945 1406 1987 In
1426 1946 1517 2001 qui-

165 2009 247 2049 bus
297 2009 408 2049 inter
460 2012 602 2051 cetera
651 2008 982 2050 hastiludiorum
1032 2009 1074 2047 et
1124 2008 1519 2047 torneamentorum

266 2163 283 2192 1
311 2158 392 2193 Hiis
419 2160 520 2194 codd.
666 2163 686 2194 3
712 2167 849 2202 magna
863 2137 1033 2201 'pecunia
1059 2155 1269 2199 quantitate
1295 2156 1350 2198 D,
1381 2165 1517 2199 magno

170 2204 330 2249 pecunia
356 2205 567 2249 quantitate
594 2206 641 2241 F.
740 2209 760 2240 5
786 2214 859 2248 qua
883 2204 932 2238 D.
1033 2206 1073 2237 12
1099 2202 1255 2237 cottidie
1275 2203 1376 2238 codd.
1475 2205 1517 2236 17

172 2255 312 2308 338ὗῖἱέ
335 2263 382 2298 F.
492 2269 534 2300 18
561 2276 599 2299 se
625 2276 690 2300 om.
717 2264 767 2298 D.
883 2266 926 2297 22
954 2261 1109 2296 cottidie
1135 2261 1235 2296 codd.
1351 2264 1394 2295 27
1421 2259 1520 2294 diem

169 2310 305 2345 natalis
333 2310 390 2344 sui
416 2312 516 2347 codd.
537 2313 644 2356 (diem
663 2311 820 2347 natalem
839 2308 1013 2354 suum??)
1112 2312 1156 2344 30
1177 2306 1399 2352 sollempnia
1418 2306 1517 2342 codd.
