1583 2552
598 105 858 146 -3-

58 217 145 258 suis
172 214 226 257 ad
251 228 468 256 recessum
504 228 548 255 se
577 213 852 267 disponentes
880 214 923 253 et
950 214 1125 265 accepta
1152 211 1326 253 licentia
1354 212 1407 253 ab

56 275 226 329 hospite
260 273 412 315 domus
445 273 495 315 de
520 273 624 314 urbe
653 273 932 314 recesserunt.
993 269 1100 312 Cum
1128 271 1283 325 quibus
1311 285 1408 313 cum

55 333 251 388 praefata
300 332 466 373 Helena
514 332 710 374 recedere
760 331 909 385 vellet,
959 329 1117 384 hospes
1163 330 1200 371 ei
1244 330 1407 372 furtum

57 392 274 434 cuiusdam
302 406 403 433 suae
422 391 483 432 rei
510 405 637 446 quam
658 390 741 432 sibi
760 389 949 431 furatam
971 389 1156 430 asseruit
1181 389 1407 444 imponens

21 452 198 506 5ipsam
242 465 370 505 quam
415 450 464 491 de
503 465 553 492 ea
589 450 688 504 plus
728 449 824 490 aliis
870 451 1113 503 suspectam
1158 447 1317 490 habere
1363 463 1407 491 se

57 511 166 552 dixit
203 524 424 564 quousque
462 524 553 551 rem
592 523 713 550 suam
750 510 1042 562 recuperaret,
1081 507 1132 549 de
1171 508 1297 550 domo
1331 523 1409 550 sua

56 569 242 610 dimissis
294 569 389 610 aliis
441 569 528 610 suis
573 568 781 610 consociis
825 567 1020 609 recedere
1063 581 1150 608 non
1196 567 1406 621 permisit.

57 627 195 670 Sociis
232 642 332 669 vero
373 628 461 669 eius
501 642 550 668 ea
589 641 684 669 cum
717 640 874 681 magno
908 627 1070 667 eiulatu
1105 625 1310 668 derelicta
1345 641 1407 668 re-

57 687 304 729 cedentibus
325 687 492 741 cogitur
512 686 774 741 paupercula
795 686 886 727 sola
906 699 1139 727 remanere.
1174 685 1407 727 Recessum

2 756 36 781 10
54 760 155 787 vero
183 746 396 787 sociorum
417 746 667 800 imperatori
688 745 886 786 nuntiato
910 745 1147 798 imperator
1166 744 1258 798 ipse
1280 747 1408 799 capta

56 804 379 859 opportunitate
405 805 524 846 venit
550 805 602 846 ad
629 805 802 846 domum
829 804 1014 858 hospitis
1040 818 1170 858 supra
1198 804 1302 845 dicti
1328 804 1407 845 ibi-

56 878 137 918 que
174 864 476 918 pauperculam
516 863 757 905 solitariam
795 863 1016 904 inventam
1048 865 1256 917 tanquam
1289 863 1407 904 canis

54 922 228 964 rabidus
269 923 524 978 aggrediens
565 937 749 977 suaeque
790 922 983 963 libidinis
1016 922 1213 963 fomitem
1248 922 1406 963 satiare

55 981 228 1035 cupiens
250 981 465 1035 oppressit
486 982 660 1036 eiusque
685 981 918 1035 pudicitiae
944 981 1094 1022 florem
1125 995 1175 1022 ea
1200 983 1407 1035 quantum

0 1050 33 1076 15
52 1040 197 1093 potuit
233 1040 445 1082 renitente
483 1041 666 1082 abstulit
702 1040 925 1082 violenter.
983 1040 1227 1094 Imperator
1265 1042 1407 1082 autem

53 1099 225 1153 expleto
258 1113 334 1140 suo
367 1099 600 1141 libidinoso
634 1102 790 1141 conatu
818 1099 992 1154 eiusque
1019 1098 1242 1141 desideriis
1277 1100 1405 1141 satia-

50 1160 120 1198 tus
158 1158 306 1200 videns
345 1157 556 1200 Helenam
599 1159 649 1200 de
690 1173 736 1200 re
776 1160 1025 1212 perpetrata
1064 1173 1193 1212 super
1230 1159 1405 1201 modum

52 1215 269 1258 dolentem
302 1219 344 1258 et
385 1218 605 1259 turbatam
637 1218 991 1272 amarissimeque
1023 1217 1197 1258 flentem
1231 1232 1280 1259 ac
1312 1220 1405 1259 tan-

51 1277 142 1316 tam
173 1275 219 1316 in
251 1276 346 1329 ipso
380 1278 477 1317 actu
510 1278 552 1317 et
582 1279 683 1330 post
701 1276 904 1317 habuisse
938 1278 980 1317 et
1011 1276 1170 1318 habere
1206 1291 1406 1318 verecun-

0 1345 30 1370 20
51 1333 167 1375 diam
201 1334 316 1388 cepit
346 1334 561 1389 inquirere
590 1335 839 1376 admirando
866 1335 976 1376 unde
1003 1337 1046 1377 et
1077 1350 1186 1390 quae
1213 1338 1329 1377 esset
1361 1338 1404 1377 et

51 1392 141 1434 eius
175 1392 447 1435 condiciones
481 1397 524 1435 et
556 1408 691 1449 genus
720 1394 905 1436 sollicite
938 1394 1157 1449 indagare.
1206 1394 1266 1436 Et
1292 1410 1404 1436 com-

49 1454 172 1504 perto
205 1452 317 1506 quod
346 1452 473 1494 fidem
500 1451 663 1494 Christi
691 1453 852 1495 coleret
882 1453 985 1495 licet
1015 1453 1108 1507 ipse
1142 1454 1403 1509 gentilitatis

49 1511 272 1551 teneretur
303 1525 465 1565 errore,
503 1512 707 1553 misertus
740 1512 822 1554 sibi
856 1511 1067 1566 quoddam
1101 1516 1403 1555 ornamentum

49 1568 184 1610 mirae
208 1569 493 1623 pretiositatis
515 1585 563 1612 ac
585 1585 687 1612 auro
713 1571 1028 1625 pretiosissimo
1054 1571 1401 1625 pretiosissimis-

0 1638 28 1664 25
48 1641 129 1680 que
167 1628 348 1682 gemmis
391 1629 697 1684 compositum,
738 1644 820 1684 quo
861 1629 938 1671 illo
976 1633 1169 1684 tempore
1209 1631 1290 1672 soli
1321 1631 1399 1673 im-

46 1688 267 1739 peratores
287 1687 333 1727 in
351 1686 544 1729 humeris
565 1689 710 1730 ornari
734 1691 1060 1743 consueverunt,
1087 1704 1183 1731 cum
1214 1690 1401 1745 quodam

49 1744 207 1786 annulo
244 1746 575 1800 pretiosissimo,
619 1762 745 1801 quem
783 1747 826 1789 in
872 1762 948 1789 sua
993 1748 1195 1803 gestabat
1239 1749 1401 1805 dextra,

48 1802 225 1844 donavit
257 1806 300 1844 et
331 1806 520 1846 recessit.

164 1861 431 1917 Paupercula
469 1867 612 1906 autem
653 1865 842 1906 sentiens
888 1865 938 1906 de
976 1866 1191 1919 imperiali
1236 1866 1445 1909 semine4

0 1931 26 1956 ³0
47 1934 92 1960 se
118 1922 361 1975 concepisse
386 1925 555 1964 tantam
582 1924 627 1965 in
654 1938 698 1965 se
722 1924 1022 1966 verecundiam
1050 1926 1257 1980 concepit,
1284 1926 1398 1980 quod

47 1978 100 2019 ad
131 1980 322 2021 natalem
353 1982 541 2035 patriam
572 1997 791 2038 nunquam
823 1998 867 2025 se
902 1997 1173 2025 reversurum
1206 1984 1297 2026 fore
1329 1984 1397 2027 de-

47 2038 196 2092 crevit3
235 2039 309 2080 sed
342 2040 394 2081 ad
434 2042 642 2095 quosdam
673 2042 811 2083 bonos
843 2041 1039 2084 homines
1071 2043 1199 2084 fidem
1233 2041 1398 2086 Christi

47 2098 208 2137 secrete
234 2097 422 2140 colentes
450 2100 626 2142 divertit
659 2102 700 2142 et
726 2115 820 2142 cum
852 2100 958 2155 ipsis
990 2102 1035 2142 in
1060 2102 1164 2143 urbe
1196 2102 1397 2146 habitare

141 2240 161 2271 5
186 2236 339 2281 fortasse
352 2241 437 2282 post
463 2238 507 2273 de
529 2250 573 2274 ea
592 2241 797 2276 addendum
823 2243 872 2276 est
892 2251 942 2275 re.
1069 2246 1109 2276 11
1139 2241 1395 2287 oportunitate

46 2282 146 2317 codd.
247 2288 290 2318 14
317 2285 505 2330 oppressit
530 2287 585 2330 D,
613 2286 773 2332 opressit
798 2287 844 2322 F.

1134 2347 1180 2382 1*
