1583 2552
676 143 963 184 *12-

142 249 367 303 cunctique
413 249 571 289 terreni
616 248 779 290 domini
822 248 963 298 heres,
1014 249 1152 290 omnis
1200 249 1491 303 generationis

140 310 314 349 nostrae
347 307 554 348 memoria
586 322 635 349 ac
670 307 801 349 totius
833 308 1004 349 futurae
1040 307 1308 362 posteritatis
1343 309 1492 350 archa!

141 366 194 420 O,
221 366 275 420 si,
302 366 413 420 quod
441 366 573 420 absit,
599 366 742 420 aliquo
769 366 1038 408 infelicitatis
1069 381 1170 408 casu
1202 367 1282 408 viis
1311 370 1353 408 et
1377 368 1491 409 votis

140 425 227 465 tuis
255 425 493 466 obsistente
525 427 567 466 te
599 425 775 479 perdere
800 440 879 466 nos
906 426 1196 480 contingeret,
1231 425 1380 467 exinde
1406 440 1494 468 non

141 484 281 525 solum
314 483 544 525 cuiuslibet
577 484 726 525 solacii
754 484 983 538 refugium,
1014 499 1162 526 verum
1195 484 1324 525 etiam
1356 485 1491 526 totius
1512 499 1529 525 5

139 542 410 596 posteritatis
431 544 608 584 nostrae
628 543 805 584 exitium
826 543 979 584 deflere
999 557 1133 597 usque
1156 543 1208 584 ad
1227 543 1357 584 finem
1377 544 1492 585 vitae

139 604 313 642 nostrae
341 600 646 642 miserabiliter
673 601 851 656 dignum
877 604 991 643 esset
1015 616 1093 643 nec
1112 602 1229 642 ultra
1248 602 1391 643 vivere
1419 602 1493 643 sed

140 661 250 701 mori
287 659 401 701 foret
434 675 458 700 a
497 660 575 701 deo
610 660 709 702 altis
747 660 941 714 suspiriis
982 660 1128 701 sedulo
1167 661 1492 714 postulandum3

140 719 302 759 nullius
338 719 559 760 solaminis
593 733 667 772 spe
699 719 817 761 refici
850 720 923 760 sed
954 720 1091 760 totius
1120 719 1417 760 tribulationis
1451 723 1494 760 et

142 778 366 832 angustiae
417 777 531 818 affici
581 777 758 832 dignum
808 779 1011 819 ducerent
1060 779 1110 819 de
1168 781 1310 819 cetero
1367 778 1493 819 corda
1515 794 1548 818 10

140 839 303 878 nostra.
361 835 485 877 Oculi
516 836 655 877 nostri
680 837 824 878 vultus
856 837 921 878 tui
953 837 1114 878 lumine
1146 836 1494 890 praeclarissimo

141 894 390 948 depraedati
411 895 624 936 continuis
646 895 919 937 lacrimarum
946 896 1139 937 fontibus
1165 896 1299 937 facies
1319 898 1493 937 nostras

142 954 323 1008 irrigare
360 953 575 994 uberrime
614 954 768 995 merito
810 958 1075 1009 cogerentur.
1138 955 1277 995 Aures
1321 957 1493 995 nostras

143 1013 292 1054 audito
318 1015 419 1053 tuae
445 1012 698 1066 perditionis
726 1027 827 1054 casu
852 1013 1015 1054 infelici
1042 1017 1249 1054 terrorem
1277 1013 1494 1053 dolorissi-

142 1086 259 1112 mum
297 1071 486 1124 recipere
525 1074 568 1112 et
606 1072 763 1113 habere
797 1086 965 1126 semper
998 1075 1040 1113 et
1074 1073 1339 1113 incessanter
1372 1085 1494 1125 opor·
1514 1086 1549 1111 15

143 1132 254 1171 teret
280 1144 359 1171 nec
380 1132 493 1170 esset
520 1130 693 1184 aliquod
721 1145 948 1184 corporum
967 1133 1215 1172 nostrorum
1243 1130 1495 1179 membrum,

143 1188 256 1243 quod
281 1190 373 1229 tam
392 1187 625 1229 nefandum
652 1189 924 1230 infelicitatis
946 1204 1091 1231 casum
1114 1188 1383 1230 amarissime
1408 1203 1495 1229 non

143 1247 330 1289 defleret.
380 1247 439 1288 Et
467 1248 520 1301 si,
547 1248 659 1302 quod
687 1248 812 1302 absit,
845 1248 1017 1302 aliquod
1043 1248 1144 1289 talis
1171 1248 1217 1288 in
1243 1247 1494 1301 corporibus

141 1306 304 1348 nostris
331 1305 603 1347 infedilitatis
630 1307 871 1348 membrum
896 1306 1072 1360 reperiri
1099 1306 1382 1360 contingeret,
1412 1305 1494 1347 hoc

145 1368 260 1407 esset
290 1365 438 1418 procul
473 1364 601 1406 dubio
634 1365 792 1406 iudicio
824 1366 1023 1419 protinus
1057 1363 1392 1406 abscidendum'.
1514 1379 1548 1405 20

74 1419 128 1461 18
261 1423 343 1464 His
386 1426 428 1464 et
468 1423 714 1465 huiusmodi
758 1423 993 1477 plangendi
1029 1423 1167 1465 modis
1206 1423 1311 1476 ipsis
1351 1423 1494 1463 multi-

143 1482 406 1536 plicantibus
447 1485 490 1523 et
526 1483 642 1523 ultra
681 1497 809 1537 quam
847 1483 930 1524 dici
967 1483 1107 1536 possit
1144 1482 1494 1523 continuantibus

142 1544 429 1595 pervenerunt
470 1541 523 1582 ad
563 1544 747 1596 portam.
805 1541 864 1583 Et
901 1542 1048 1582 navim
1085 1541 1336 1594 deputatam
1373 1540 1495 1581 nobi-

142 1600 298 1641 lissimi
325 1600 528 1654 coniuges
554 1601 835 1641 intraverunt.
885 1599 944 1641 Et
972 1599 1310 1641 valedicentibus
1343 1612 1494 1652 paren-

141 1659 258 1700 tibus
297 1658 488 1712 ipsisque
527 1673 673 1700 rursus
712 1658 1043 1700 valedictionem
1080 1657 1390 1699 lacrimabilem
1430 1671 1493 1697 re-
1513 1671 1547 1697 25

141 1716 380 1758 ferentibus
413 1720 674 1759 mercatores
700 1717 878 1771 pessimi
911 1717 1063 1758 erectis
1096 1717 1204 1758 velis
1233 1718 1275 1757 et
1300 1715 1492 1770 remigiis

145 1776 305 1830 aptatis
338 1776 492 1816 abinde
523 1776 729 1830 navigare
765 1778 1008 1830 coeperunt.

75 1831 129 1872 19
264 1834 454 1875 Tandem
481 1849 576 1876 cum
601 1835 882 1877 transfretata
908 1849 1068 1889 magna
1094 1836 1217 1888 parte
1243 1833 1372 1874 maris
1405 1833 1492 1873 iam

143 1893 310 1948 regioni
352 1893 647 1935 Romanorum
695 1894 1040 1948 appropinquare
1083 1893 1338 1946 inciperent,
1383 1903 1492 1932 mer—

144 1955 310 1993 catores
347 1952 445 1993 vela
484 1967 652 1994 sursum
690 1953 883 1994 levantes
921 1966 1051 1992 naves
1090 1951 1143 1992 ad
1181 1950 1394 2004 quandam
1431 1949 1491 1990 in·
1511 1963 1546 1988 30

145 2011 283 2051 sulam
316 2011 558 2064 parvulam,
591 2026 699 2065 quae
724 2011 854 2052 nullis
881 2010 1211 2051 inhabitabatur
1244 2008 1491 2049 hominibus

145 2069 216 2110 sed
241 2070 420 2123 rupibus
447 2072 490 2111 et
520 2070 686 2110 rubetis
711 2069 885 2110 incultis
911 2071 953 2110 et
977 2067 1201 2109 horrendis
1229 2066 1493 2108 exuberabat

239 2223 280 2253 13
307 2220 454 2253 nostras
486 2220 541 2261 D,
573 2220 722 2254 nostrae
754 2219 801 2253 F.
901 2222 944 2253 17
975 2217 1216 2262 nephandum
1247 2217 1346 2251 codd.
1448 2218 1490 2249 18

141 2265 274 2299 talium
310 2268 408 2301 codd.
522 2271 563 2301 19
601 2266 809 2310 contigeret
843 2266 943 2301 codd.
1051 2269 1093 2299 21
1129 2264 1203 2298 hiis
1239 2264 1338 2299 codd.
1446 2266 1490 2296 23

143 2312 269 2347 navim
289 2314 389 2348 codd.
413 2313 450 2357 (Ξ)
549 2317 594 2348 25
615 2312 878 2348 valedictionis
898 2313 1011 2355 codd,
1031 2311 1320 2346 valedictionem
1339 2310 1481 2344 correxi
