<?xml version="1.0" encoding="UTF-8"?>
<!DOCTYPE html PUBLIC "-//W3C//DTD XHTML 1.0 Transitional//EN"
    "http://www.w3.org/TR/xhtml1/DTD/xhtml1-transitional.dtd">
<html xmlns="http://www.w3.org/1999/xhtml" xml:lang="en" lang="en">
 <head>
  <title>
</title>
<meta http-equiv="Content-Type" content="text/html;charset=utf-8" />
  <meta name='ocr-system' content='tesseract 3.04.00' />
  <meta name='ocr-capabilities' content='ocr_page ocr_carea ocr_par ocr_line ocrx_word'/>
</head>
<body>
  <div class='ocr_page' id='page_1' title='image "./incertiauctorisd00consuoft_0017.png"; bbox 0 0 1583 2552; ppageno 0'>
   <div class='ocr_carea' id='block_1_1' title="bbox 582 116 843 156">
    <p class='ocr_par' dir='ltr' id='par_1_1' title="bbox 582 116 843 156">
     <span class='ocr_line' id='line_1_1' title="bbox 582 116 843 156; baseline 0 -12"><span class='ocrx_word' id='word_1_1' title='bbox 582 116 843 156; x_wconf 69' lang='lat'>—5-</span> 
     </span>
    </p>
   </div>
   <div class='ocr_carea' id='block_1_2' title="bbox 0 220 1448 2099">
    <p class='ocr_par' dir='ltr' id='par_1_2' title="bbox 0 220 1448 2099">
     <span class='ocr_line' id='line_1_2' title="bbox 40 220 1395 275; baseline -0.001 -11"><span class='ocrx_word' id='word_1_2' title='bbox 40 221 231 264; x_wconf 87' lang='lat' dir='ltr'>habebat</span> <span class='ocrx_word' id='word_1_3' title='bbox 257 221 577 274; x_wconf 83' lang='lat' dir='ltr'>confidentiam,</span> <span class='ocrx_word' id='word_1_4' title='bbox 611 221 723 275; x_wconf 88' lang='lat' dir='ltr'>quod</span> <span class='ocrx_word' id='word_1_5' title='bbox 755 220 840 275; x_wconf 88' lang='lat' dir='ltr'>ipsi</span> <span class='ocrx_word' id='word_1_6' title='bbox 867 220 948 262; x_wconf 86' lang='lat' dir='ltr'>soli</span> <span class='ocrx_word' id='word_1_7' title='bbox 981 234 1077 262; x_wconf 91' lang='lat' dir='ltr'>cum</span> <span class='ocrx_word' id='word_1_8' title='bbox 1105 235 1253 262; x_wconf 90' lang='lat' dir='ltr'>eorum</span> <span class='ocrx_word' id='word_1_9' title='bbox 1278 221 1395 263; x_wconf 86' lang='lat' dir='ltr'>navi-</span> 
     </span>
     <span class='ocr_line' id='line_1_3' title="bbox 40 279 1398 322; baseline -0.001 0"><span class='ocrx_word' id='word_1_10' title='bbox 40 281 119 322; x_wconf 90' lang='lat' dir='ltr'>bus</span> <span class='ocrx_word' id='word_1_11' title='bbox 153 282 196 322; x_wconf 89' lang='lat' dir='ltr'>et</span> <span class='ocrx_word' id='word_1_12' title='bbox 226 279 392 321; x_wconf 82' lang='lat' dir='ltr'>familia</span> <span class='ocrx_word' id='word_1_13' title='bbox 424 283 466 322; x_wconf 92' lang='lat' dir='ltr'>et</span> <span class='ocrx_word' id='word_1_14' title='bbox 496 280 607 321; x_wconf 83' lang='lat' dir='ltr'>nulli</span> <span class='ocrx_word' id='word_1_15' title='bbox 640 279 716 321; x_wconf 88' lang='lat' dir='ltr'>alii</span> <span class='ocrx_word' id='word_1_16' title='bbox 748 279 911 320; x_wconf 89' lang='lat' dir='ltr'>aditum</span> <span class='ocrx_word' id='word_1_17' title='bbox 948 293 1144 321; x_wconf 86' lang='lat' dir='ltr'>securum</span> <span class='ocrx_word' id='word_1_18' title='bbox 1175 280 1398 321; x_wconf 84' lang='lat' dir='ltr'>habebant</span> 
     </span>
     <span class='ocr_line' id='line_1_4' title="bbox 41 338 1399 394; baseline -0.001 -13"><span class='ocrx_word' id='word_1_19' title='bbox 41 339 96 381; x_wconf 91' lang='lat' dir='ltr'>ad</span> <span class='ocrx_word' id='word_1_20' title='bbox 145 338 370 380; x_wconf 84' lang='lat' dir='ltr'>Graeciam</span> <span class='ocrx_word' id='word_1_21' title='bbox 418 353 496 393; x_wconf 89' lang='lat' dir='ltr'>pro</span> <span class='ocrx_word' id='word_1_22' title='bbox 548 338 801 394; x_wconf 81' lang='lat' dir='ltr'>quaerendis</span> <span class='ocrx_word' id='word_1_23' title='bbox 849 339 1153 393; x_wconf 75' lang='lat' dir='ltr'><strong>mercimoniis,</strong></span> <span class='ocrx_word' id='word_1_24' title='bbox 1215 354 1399 394; x_wconf 89' lang='lat' dir='ltr'>quorum</span> 
     </span>
     <span class='ocr_line' id='line_1_5' title="bbox 42 398 1400 453; baseline -0.001 -14"><span class='ocrx_word' id='word_1_25' title='bbox 42 411 248 453; x_wconf 84' lang='lat' dir='ltr'>magnam</span> <span class='ocrx_word' id='word_1_26' title='bbox 292 398 461 452; x_wconf 88' lang='lat' dir='ltr'>copiam</span> <span class='ocrx_word' id='word_1_27' title='bbox 507 398 682 439; x_wconf 76' lang='lat' dir='ltr'><strong>cottidie</strong></span> <span class='ocrx_word' id='word_1_28' title='bbox 722 398 1014 452; x_wconf 72' lang='lat' dir='ltr'>apportabant</span> <span class='ocrx_word' id='word_1_29' title='bbox 1059 400 1101 438; x_wconf 93' lang='lat' dir='ltr'>et</span> <span class='ocrx_word' id='word_1_30' title='bbox 1145 398 1296 439; x_wconf 82' lang='lat' dir='ltr'>exinde</span> <span class='ocrx_word' id='word_1_31' title='bbox 1337 398 1400 438; x_wconf 93' lang='lat' dir='ltr'>ni-</span> 
     </span>
     <span class='ocr_line' id='line_1_6' title="bbox 12 456 1400 511; baseline 0.002 -16"><span class='ocrx_word' id='word_1_32' title='bbox 12 468 28 494; x_wconf 86' lang='lat'><strong>5</strong></span> <span class='ocrx_word' id='word_1_33' title='bbox 48 457 182 498; x_wconf 89' lang='lat' dir='ltr'>mium</span> <span class='ocrx_word' id='word_1_34' title='bbox 222 456 346 498; x_wconf 84' lang='lat' dir='ltr'>ditati</span> <span class='ocrx_word' id='word_1_35' title='bbox 383 457 556 499; x_wconf 87' lang='lat' dir='ltr'>fuerant</span> <span class='ocrx_word' id='word_1_36' title='bbox 588 459 631 498; x_wconf 93' lang='lat' dir='ltr'>et</span> <span class='ocrx_word' id='word_1_37' title='bbox 667 456 717 498; x_wconf 92' lang='lat' dir='ltr'>de</span> <span class='ocrx_word' id='word_1_38' title='bbox 749 457 816 498; x_wconf 89' lang='lat' dir='ltr'>die</span> <span class='ocrx_word' id='word_1_39' title='bbox 848 457 893 498; x_wconf 88' lang='lat' dir='ltr'>in</span> <span class='ocrx_word' id='word_1_40' title='bbox 925 456 1039 498; x_wconf 88' lang='lat' dir='ltr'>diem</span> <span class='ocrx_word' id='word_1_41' title='bbox 1071 456 1258 511; x_wconf 88' lang='lat' dir='ltr'>amplius</span> <span class='ocrx_word' id='word_1_42' title='bbox 1291 457 1400 498; x_wconf 87' lang='lat' dir='ltr'>dita-</span> 
     </span>
     <span class='ocr_line' id='line_1_7' title="bbox 47 513 1400 571; baseline -0.001 -14"><span class='ocrx_word' id='word_1_43' title='bbox 47 516 216 557; x_wconf 85' lang='lat' dir='ltr'>bantur.</span> <span class='ocrx_word' id='word_1_44' title='bbox 273 513 471 571; x_wconf 83' lang='lat' dir='ltr'>Contigit</span> <span class='ocrx_word' id='word_1_45' title='bbox 503 519 663 570; x_wconf 88' lang='lat' dir='ltr'>autem,</span> <span class='ocrx_word' id='word_1_46' title='bbox 701 518 751 557; x_wconf 87' lang='lat' dir='ltr'>ut</span> <span class='ocrx_word' id='word_1_47' title='bbox 789 515 973 570; x_wconf 86' lang='lat' dir='ltr'>quadam</span> <span class='ocrx_word' id='word_1_48' title='bbox 1005 516 1073 557; x_wconf 85' lang='lat' dir='ltr'>die</span> <span class='ocrx_word' id='word_1_49' title='bbox 1106 516 1209 557; x_wconf 88' lang='lat' dir='ltr'>dicti</span> <span class='ocrx_word' id='word_1_50' title='bbox 1241 530 1400 557; x_wconf 86' lang='lat' dir='ltr'>merca·</span> 
     </span>
     <span class='ocr_line' id='line_1_8' title="bbox 46 574 1401 629; baseline 0 -14"><span class='ocrx_word' id='word_1_51' title='bbox 46 576 161 616; x_wconf 91' lang='lat' dir='ltr'>tores</span> <span class='ocrx_word' id='word_1_52' title='bbox 195 574 323 615; x_wconf 89' lang='lat' dir='ltr'>simul</span> <span class='ocrx_word' id='word_1_53' title='bbox 355 589 431 629; x_wconf 89' lang='lat' dir='ltr'>per</span> <span class='ocrx_word' id='word_1_54' title='bbox 460 575 610 616; x_wconf 91' lang='lat' dir='ltr'>urbem</span> <span class='ocrx_word' id='word_1_55' title='bbox 644 575 860 629; x_wconf 87' lang='lat' dir='ltr'>spatiandi</span> <span class='ocrx_word' id='word_1_56' title='bbox 893 575 1036 629; x_wconf 83' lang='lat' dir='ltr'>gratia</span> <span class='ocrx_word' id='word_1_57' title='bbox 1064 575 1325 628; x_wconf 79' lang='lat' dir='ltr'>incederent,</span> <span class='ocrx_word' id='word_1_58' title='bbox 1358 578 1401 616; x_wconf 91' lang='lat' dir='ltr'>et</span> 
     </span>
     <span class='ocr_line' id='line_1_9' title="bbox 44 633 1400 688; baseline 0 -14"><span class='ocrx_word' id='word_1_59' title='bbox 44 635 366 687; x_wconf 86' lang='lat' dir='ltr'>praetereuntes</span> <span class='ocrx_word' id='word_1_60' title='bbox 405 634 603 675; x_wconf 86' lang='lat' dir='ltr'>viderunt</span> <span class='ocrx_word' id='word_1_61' title='bbox 635 633 902 688; x_wconf 84' lang='lat' dir='ltr'>praedictum</span> <span class='ocrx_word' id='word_1_62' title='bbox 934 648 1112 687; x_wconf 88' lang='lat' dir='ltr'>puerum</span> <span class='ocrx_word' id='word_1_63' title='bbox 1154 633 1400 675; x_wconf 87' lang='lat' dir='ltr'>Constanti-</span> 
     </span>
     <span class='ocr_line' id='line_1_10' title="bbox 43 691 1400 734; baseline 0.001 -2"><span class='ocrx_word' id='word_1_64' title='bbox 43 705 147 733; x_wconf 90' lang='lat' dir='ltr'>num</span> <span class='ocrx_word' id='word_1_65' title='bbox 192 692 279 733; x_wconf 89' lang='lat' dir='ltr'>iam</span> <span class='ocrx_word' id='word_1_66' title='bbox 322 691 486 734; x_wconf 85' lang='lat' dir='ltr'>factum</span> <span class='ocrx_word' id='word_1_67' title='bbox 532 693 763 734; x_wconf 85' lang='lat' dir='ltr'>decennem</span> <span class='ocrx_word' id='word_1_68' title='bbox 808 693 876 734; x_wconf 75' lang='lat' dir='ltr'>vel</span> <span class='ocrx_word' id='word_1_69' title='bbox 921 693 1090 734; x_wconf 87' lang='lat' dir='ltr'>circiter</span> <span class='ocrx_word' id='word_1_70' title='bbox 1133 693 1247 734; x_wconf 87' lang='lat' dir='ltr'>inter</span> <span class='ocrx_word' id='word_1_71' title='bbox 1291 693 1400 734; x_wconf 86' lang='lat' dir='ltr'>alios</span> 
     </span>
     <span class='ocr_line' id='line_1_11' title="bbox 0 750 1400 806; baseline 0.002 -17"><span class='ocrx_word' id='word_1_72' title='bbox 0 763 26 788; x_wconf 83' lang='grc' dir='ltr'>ιο</span> <span class='ocrx_word' id='word_1_73' title='bbox 47 764 203 805; x_wconf 87' lang='lat' dir='ltr'>pueros</span> <span class='ocrx_word' id='word_1_74' title='bbox 236 752 464 793; x_wconf 88' lang='lat' dir='ltr'>coetaneos</span> <span class='ocrx_word' id='word_1_75' title='bbox 499 766 598 793; x_wconf 89' lang='lat' dir='ltr'>suos</span> <span class='ocrx_word' id='word_1_76' title='bbox 630 752 863 793; x_wconf 88' lang='lat' dir='ltr'>ludentem.</span> <span class='ocrx_word' id='word_1_77' title='bbox 923 750 1059 800; x_wconf 77' lang='lat' dir='ltr'>Quem</span> <span class='ocrx_word' id='word_1_78' title='bbox 1094 766 1190 793; x_wconf 91' lang='lat' dir='ltr'>cum</span> <span class='ocrx_word' id='word_1_79' title='bbox 1223 752 1400 806; x_wconf 82' lang='lat' dir='ltr'>diligen·</span> 
     </span>
     <span class='ocr_line' id='line_1_12' title="bbox 45 809 1402 864; baseline 0.001 -15"><span class='ocrx_word' id='word_1_80' title='bbox 45 810 132 850; x_wconf 90' lang='lat' dir='ltr'>tius</span> <span class='ocrx_word' id='word_1_81' title='bbox 174 809 321 851; x_wconf 90' lang='lat' dir='ltr'>intuiti</span> <span class='ocrx_word' id='word_1_82' title='bbox 361 809 562 864; x_wconf 81' lang='lat' dir='ltr'>fuissent,</span> <span class='ocrx_word' id='word_1_83' title='bbox 604 814 836 864; x_wconf 90' lang='lat' dir='ltr'>coeperunt</span> <span class='ocrx_word' id='word_1_84' title='bbox 874 811 1081 851; x_wconf 87' lang='lat' dir='ltr'>admirari</span> <span class='ocrx_word' id='word_1_85' title='bbox 1119 811 1210 852; x_wconf 87' lang='lat' dir='ltr'>eius</span> <span class='ocrx_word' id='word_1_86' title='bbox 1248 810 1402 852; x_wconf 85' lang='lat' dir='ltr'>habili-</span> 
     </span>
     <span class='ocr_line' id='line_1_13' title="bbox 45 869 1402 924; baseline 0.001 -15"><span class='ocrx_word' id='word_1_87' title='bbox 45 870 180 910; x_wconf 89' lang='lat' dir='ltr'>tatem</span> <span class='ocrx_word' id='word_1_88' title='bbox 215 870 258 909; x_wconf 90' lang='lat' dir='ltr'>et</span> <span class='ocrx_word' id='word_1_89' title='bbox 288 869 656 922; x_wconf 86' lang='lat' dir='ltr'>pulchritudinem</span> <span class='ocrx_word' id='word_1_90' title='bbox 684 870 872 910; x_wconf 87' lang='lat' dir='ltr'>dicentes</span> <span class='ocrx_word' id='word_1_91' title='bbox 900 872 943 911; x_wconf 91' lang='lat' dir='ltr'>et</span> <span class='ocrx_word' id='word_1_92' title='bbox 970 872 1224 923; x_wconf 81' lang='lat' dir='ltr'>quaerentes</span> <span class='ocrx_word' id='word_1_93' title='bbox 1258 870 1311 911; x_wconf 90' lang='lat' dir='ltr'>ab</span> <span class='ocrx_word' id='word_1_94' title='bbox 1341 884 1402 924; x_wconf 83' lang='lat' dir='ltr'>eo,</span> 
     </span>
     <span class='ocr_line' id='line_1_14' title="bbox 44 927 1402 982; baseline 0.001 -14"><span class='ocrx_word' id='word_1_95' title='bbox 44 927 241 981; x_wconf 83' lang='lat' dir='ltr'>quisnam</span> <span class='ocrx_word' id='word_1_96' title='bbox 290 931 405 969; x_wconf 89' lang='lat' dir='ltr'>esset</span> <span class='ocrx_word' id='word_1_97' title='bbox 447 931 571 982; x_wconf 87' lang='lat' dir='ltr'>pater</span> <span class='ocrx_word' id='word_1_98' title='bbox 616 929 706 969; x_wconf 91' lang='lat' dir='ltr'>eius</span> <span class='ocrx_word' id='word_1_99' title='bbox 746 930 788 969; x_wconf 91' lang='lat' dir='ltr'>et</span> <span class='ocrx_word' id='word_1_100' title='bbox 835 943 918 982; x_wconf 92' lang='lat' dir='ltr'>quo</span> <span class='ocrx_word' id='word_1_101' title='bbox 957 929 1131 969; x_wconf 87' lang='lat' dir='ltr'>nomine</span> <span class='ocrx_word' id='word_1_102' title='bbox 1164 930 1402 970; x_wconf 87' lang='lat' dir='ltr'>vocaretur.</span> 
     </span>
     <span class='ocr_line' id='line_1_15' title="bbox 46 985 1404 1042; baseline 0.001 -15"><span class='ocrx_word' id='word_1_103' title='bbox 46 985 128 1034; x_wconf 81' lang='lat' dir='ltr'>Qui</span> <span class='ocrx_word' id='word_1_104' title='bbox 159 986 425 1040; x_wconf 88' lang='lat' dir='ltr'>respondens</span> <span class='ocrx_word' id='word_1_105' title='bbox 458 987 538 1028; x_wconf 87' lang='lat' dir='ltr'>ait:</span> <span class='ocrx_word' id='word_1_106' title='bbox 580 986 690 1041; x_wconf 69' lang='lat' dir='ltr'>‘quis</span> <span class='ocrx_word' id='word_1_107' title='bbox 724 987 780 1028; x_wconf 89' lang='lat' dir='ltr'>sit</span> <span class='ocrx_word' id='word_1_108' title='bbox 812 989 936 1041; x_wconf 88' lang='lat' dir='ltr'>pater</span> <span class='ocrx_word' id='word_1_109' title='bbox 961 1002 1081 1028; x_wconf 91' lang='lat' dir='ltr'>meus</span> <span class='ocrx_word' id='word_1_110' title='bbox 1113 988 1272 1041; x_wconf 85' lang='lat' dir='ltr'>nescio,</span> <span class='ocrx_word' id='word_1_111' title='bbox 1306 988 1404 1042; x_wconf 86' lang='lat' dir='ltr'>quia</span> 
     </span>
     <span class='ocr_line' id='line_1_16' title="bbox 0 1044 1402 1101; baseline 0.001 -16"><span class='ocrx_word' id='word_1_112' title='bbox 0 1055 24 1081; x_wconf 70' lang='grc'>[5</span> <span class='ocrx_word' id='word_1_113' title='bbox 44 1044 138 1097; x_wconf 90' lang='lat' dir='ltr'>ipse</span> <span class='ocrx_word' id='word_1_114' title='bbox 169 1044 219 1085; x_wconf 90' lang='lat' dir='ltr'>de</span> <span class='ocrx_word' id='word_1_115' title='bbox 252 1044 333 1087; x_wconf 87' lang='lat' dir='ltr'>hac</span> <span class='ocrx_word' id='word_1_116' title='bbox 364 1046 455 1087; x_wconf 86' lang='lat' dir='ltr'>vita</span> <span class='ocrx_word' id='word_1_117' title='bbox 487 1046 682 1087; x_wconf 89' lang='lat' dir='ltr'>sublatus</span> <span class='ocrx_word' id='word_1_118' title='bbox 715 1046 806 1087; x_wconf 82' lang='lat' dir='ltr'>fore</span> <span class='ocrx_word' id='word_1_119' title='bbox 840 1046 1013 1100; x_wconf 82' lang='lat' dir='ltr'>dicitur,</span> <span class='ocrx_word' id='word_1_120' title='bbox 1058 1048 1290 1101; x_wconf 82' lang='lat' dir='ltr'>antequam</span> <span class='ocrx_word' id='word_1_121' title='bbox 1324 1060 1402 1101; x_wconf 81' lang='lat' dir='ltr'>ego</span> 
     </span>
     <span class='ocr_line' id='line_1_17' title="bbox 44 1103 1403 1159; baseline 0.002 -16"><span class='ocrx_word' id='word_1_122' title='bbox 44 1104 173 1144; x_wconf 87' lang='lat' dir='ltr'>natus</span> <span class='ocrx_word' id='word_1_123' title='bbox 200 1117 350 1145; x_wconf 88' lang='lat' dir='ltr'>essem.</span> <span class='ocrx_word' id='word_1_124' title='bbox 401 1103 483 1146; x_wconf 83' lang='lat' dir='ltr'>Sed</span> <span class='ocrx_word' id='word_1_125' title='bbox 509 1105 620 1159; x_wconf 77' lang='lat' dir='ltr'>scio,</span> <span class='ocrx_word' id='word_1_126' title='bbox 653 1105 767 1159; x_wconf 90' lang='lat' dir='ltr'>quod</span> <span class='ocrx_word' id='word_1_127' title='bbox 794 1105 931 1146; x_wconf 90' lang='lat' dir='ltr'>habeo</span> <span class='ocrx_word' id='word_1_128' title='bbox 960 1107 1143 1146; x_wconf 87' lang='lat' dir='ltr'>matrem</span> <span class='ocrx_word' id='word_1_129' title='bbox 1169 1120 1403 1159; x_wconf 86' lang='lat' dir='ltr'>pauperem</span> 
     </span>
     <span class='ocr_line' id='line_1_18' title="bbox 44 1161 1170 1206; baseline 0.004 -4"><span class='ocrx_word' id='word_1_130' title='bbox 44 1161 268 1204; x_wconf 89' lang='lat' dir='ltr'>mulierem</span> <span class='ocrx_word' id='word_1_131' title='bbox 302 1165 346 1204; x_wconf 90' lang='lat' dir='ltr'>et</span> <span class='ocrx_word' id='word_1_132' title='bbox 375 1177 506 1205; x_wconf 84' lang='lat' dir='ltr'>vocor</span> <span class='ocrx_word' id='word_1_133' title='bbox 538 1179 589 1205; x_wconf 87' lang='lat' dir='ltr'>ex</span> <span class='ocrx_word' id='word_1_134' title='bbox 620 1164 794 1206; x_wconf 90' lang='lat' dir='ltr'>nomine</span> <span class='ocrx_word' id='word_1_135' title='bbox 828 1163 1170 1206; x_wconf 83' lang='lat' dir='ltr'>Constantinus&#39;.</span> 
     </span>
     <span class='ocr_line' id='line_1_19' title="bbox 163 1220 1448 1270; baseline 0 -8"><span class='ocrx_word' id='word_1_136' title='bbox 163 1220 257 1270; x_wconf 79' lang='lat' dir='ltr'>Quo</span> <span class='ocrx_word' id='word_1_137' title='bbox 287 1221 433 1263; x_wconf 90' lang='lat' dir='ltr'>audito</span> <span class='ocrx_word' id='word_1_138' title='bbox 468 1223 698 1263; x_wconf 87' lang='lat' dir='ltr'>consilium</span> <span class='ocrx_word' id='word_1_139' title='bbox 730 1222 975 1264; x_wconf 88' lang='lat' dir='ltr'>habuerunt</span> <span class='ocrx_word' id='word_1_140' title='bbox 1008 1222 1110 1264; x_wconf 87' lang='lat' dir='ltr'>dicti</span> <span class='ocrx_word' id='word_1_141' title='bbox 1143 1226 1403 1264; x_wconf 80' lang='lat' dir='ltr'>mercatores</span> <span class='ocrx_word' id='word_1_142' title='bbox 1426 1222 1448 1262; x_wconf 81' lang='lat'><strong>7</strong></span> 
     </span>
     <span class='ocr_line' id='line_1_20' title="bbox 44 1279 1405 1335; baseline 0.003 -16"><span class='ocrx_word' id='word_1_143' title='bbox 44 1279 158 1320; x_wconf 90' lang='lat' dir='ltr'>inter</span> <span class='ocrx_word' id='word_1_144' title='bbox 183 1293 227 1320; x_wconf 88' lang='lat' dir='ltr'>se</span> <span class='ocrx_word' id='word_1_145' title='bbox 255 1279 462 1322; x_wconf 88' lang='lat' dir='ltr'>dicentes:</span> <span class='ocrx_word' id='word_1_146' title='bbox 503 1280 640 1335; x_wconf 63' lang='lat' dir='ltr'>eQuis,</span> <span class='ocrx_word' id='word_1_147' title='bbox 666 1283 813 1335; x_wconf 83' lang='lat' dir='ltr'>putas,</span> <span class='ocrx_word' id='word_1_148' title='bbox 838 1282 921 1323; x_wconf 88' lang='lat' dir='ltr'>iste</span> <span class='ocrx_word' id='word_1_149' title='bbox 947 1296 1054 1335; x_wconf 89' lang='lat' dir='ltr'>puer</span> <span class='ocrx_word' id='word_1_150' title='bbox 1080 1282 1192 1323; x_wconf 76' lang='lat' dir='ltr'>erit?</span> <span class='ocrx_word' id='word_1_151' title='bbox 1242 1282 1405 1323; x_wconf 85' lang='lat' dir='ltr'>Educe-</span> 
     </span>
     <span class='ocr_line' id='line_1_21' title="bbox 0 1338 1406 1395; baseline 0.004 -19"><span class='ocrx_word' id='word_1_152' title='bbox 0 1350 26 1375; x_wconf 65' lang='grc' dir='ltr'>ιο</span> <span class='ocrx_word' id='word_1_153' title='bbox 46 1352 142 1379; x_wconf 86' lang='lat' dir='ltr'>mus</span> <span class='ocrx_word' id='word_1_154' title='bbox 171 1338 313 1392; x_wconf 88' lang='lat' dir='ltr'>ipsum</span> <span class='ocrx_word' id='word_1_155' title='bbox 340 1341 383 1380; x_wconf 88' lang='lat' dir='ltr'>et</span> <span class='ocrx_word' id='word_1_156' title='bbox 408 1339 534 1381; x_wconf 89' lang='lat' dir='ltr'>bonis</span> <span class='ocrx_word' id='word_1_157' title='bbox 561 1340 752 1382; x_wconf 87' lang='lat' dir='ltr'>moribus</span> <span class='ocrx_word' id='word_1_158' title='bbox 779 1340 1044 1381; x_wconf 83' lang='lat' dir='ltr'>instruamus</span> <span class='ocrx_word' id='word_1_159' title='bbox 1074 1344 1116 1382; x_wconf 92' lang='lat' dir='ltr'>et</span> <span class='ocrx_word' id='word_1_160' title='bbox 1144 1341 1195 1382; x_wconf 86' lang='lat' dir='ltr'>ad</span> <span class='ocrx_word' id='word_1_161' title='bbox 1222 1341 1406 1395; x_wconf 87' lang='lat' dir='ltr'>impera-</span> 
     </span>
     <span class='ocr_line' id='line_1_22' title="bbox 45 1396 1405 1454; baseline 0.002 -17"><span class='ocrx_word' id='word_1_162' title='bbox 45 1398 185 1438; x_wconf 90' lang='lat' dir='ltr'>torem</span> <span class='ocrx_word' id='word_1_163' title='bbox 208 1396 469 1439; x_wconf 80' lang='lat' dir='ltr'>Graecorum</span> <span class='ocrx_word' id='word_1_164' title='bbox 495 1399 723 1440; x_wconf 88' lang='lat' dir='ltr'>nobiscum</span> <span class='ocrx_word' id='word_1_165' title='bbox 748 1399 1031 1453; x_wconf 80' lang='lat' dir='ltr'>perducamus</span> <span class='ocrx_word' id='word_1_166' title='bbox 1059 1400 1263 1452; x_wconf 84' lang='lat' dir='ltr'>dicentes⁷</span> <span class='ocrx_word' id='word_1_167' title='bbox 1291 1400 1405 1454; x_wconf 89' lang='lat' dir='ltr'>quod</span> 
     </span>
     <span class='ocr_line' id='line_1_23' title="bbox 47 1455 1407 1513; baseline 0.003 -18"><span class='ocrx_word' id='word_1_168' title='bbox 47 1455 106 1496; x_wconf 89' lang='lat' dir='ltr'>sit</span> <span class='ocrx_word' id='word_1_169' title='bbox 143 1455 257 1496; x_wconf 90' lang='lat' dir='ltr'>filius</span> <span class='ocrx_word' id='word_1_170' title='bbox 295 1456 459 1498; x_wconf 88' lang='lat' dir='ltr'>domini</span> <span class='ocrx_word' id='word_1_171' title='bbox 496 1458 638 1499; x_wconf 86' lang='lat' dir='ltr'>nostri</span> <span class='ocrx_word' id='word_1_172' title='bbox 668 1457 966 1499; x_wconf 84' lang='lat' dir='ltr'>Romanorum</span> <span class='ocrx_word' id='word_1_173' title='bbox 1001 1459 1295 1512; x_wconf 85' lang='lat' dir='ltr'>imperatoris,</span> <span class='ocrx_word' id='word_1_174' title='bbox 1335 1459 1407 1513; x_wconf 86' lang='lat' dir='ltr'>qui</span> 
     </span>
     <span class='ocr_line' id='line_1_24' title="bbox 45 1513 1407 1572; baseline 0.004 -18"><span class='ocrx_word' id='word_1_175' title='bbox 45 1513 153 1555; x_wconf 87' lang='lat' dir='ltr'>velit</span> <span class='ocrx_word' id='word_1_176' title='bbox 190 1529 286 1556; x_wconf 90' lang='lat' dir='ltr'>eum</span> <span class='ocrx_word' id='word_1_177' title='bbox 325 1529 427 1557; x_wconf 90' lang='lat' dir='ltr'>suae</span> <span class='ocrx_word' id='word_1_178' title='bbox 464 1516 579 1557; x_wconf 89' lang='lat' dir='ltr'>filiae</span> <span class='ocrx_word' id='word_1_179' title='bbox 617 1516 663 1557; x_wconf 91' lang='lat' dir='ltr'>in</span> <span class='ocrx_word' id='word_1_180' title='bbox 695 1517 923 1571; x_wconf 80' lang='lat' dir='ltr'>coniugem</span> <span class='ocrx_word' id='word_1_181' title='bbox 963 1519 1005 1558; x_wconf 90' lang='lat' dir='ltr'>et</span> <span class='ocrx_word' id='word_1_182' title='bbox 1043 1517 1249 1558; x_wconf 90' lang='lat' dir='ltr'>maritum</span> <span class='ocrx_word' id='word_1_183' title='bbox 1282 1532 1407 1572; x_wconf 88' lang='lat' dir='ltr'>copu-</span> 
     </span>
     <span class='ocr_line' id='line_1_25' title="bbox 49 1571 1407 1630; baseline 0.003 -17"><span class='ocrx_word' id='word_1_184' title='bbox 49 1571 140 1614; x_wconf 89' lang='lat' dir='ltr'>lare</span> <span class='ocrx_word' id='word_1_185' title='bbox 173 1575 216 1614; x_wconf 89' lang='lat' dir='ltr'>et</span> <span class='ocrx_word' id='word_1_186' title='bbox 246 1588 397 1627; x_wconf 86' lang='lat' dir='ltr'>pacem</span> <span class='ocrx_word' id='word_1_187' title='bbox 429 1577 686 1630; x_wconf 87' lang='lat' dir='ltr'>perpetuam</span> <span class='ocrx_word' id='word_1_188' title='bbox 719 1589 862 1617; x_wconf 87' lang='lat' dir='ltr'>secum</span> <span class='ocrx_word' id='word_1_189' title='bbox 896 1575 1046 1617; x_wconf 82' lang='lat' dir='ltr'>exinde</span> <span class='ocrx_word' id='word_1_190' title='bbox 1077 1576 1330 1617; x_wconf 83' lang='lat' dir='ltr'>contrahere</span> <span class='ocrx_word' id='word_1_191' title='bbox 1364 1579 1407 1617; x_wconf 92' lang='lat' dir='ltr'>et</span> 
     </span>
     <span class='ocr_line' id='line_1_26' title="bbox 0 1631 1407 1688; baseline 0.003 -16"><span class='ocrx_word' id='word_1_192' title='bbox 0 1642 32 1668; x_wconf 82' lang='lat'>25</span> <span class='ocrx_word' id='word_1_193' title='bbox 57 1645 240 1674; x_wconf 85' lang='lat' dir='ltr'>servare.</span> <span class='ocrx_word' id='word_1_194' title='bbox 279 1631 361 1682; x_wconf 76' lang='lat' dir='ltr'>Qui</span> <span class='ocrx_word' id='word_1_195' title='bbox 387 1634 563 1688; x_wconf 81' lang='lat' dir='ltr'>gavisus</span> <span class='ocrx_word' id='word_1_196' title='bbox 589 1634 725 1675; x_wconf 88' lang='lat' dir='ltr'>filiam</span> <span class='ocrx_word' id='word_1_197' title='bbox 747 1649 868 1675; x_wconf 89' lang='lat' dir='ltr'>suam</span> <span class='ocrx_word' id='word_1_198' title='bbox 891 1635 975 1676; x_wconf 84' lang='lat' dir='ltr'><strong>sibi</strong></span> <span class='ocrx_word' id='word_1_199' title='bbox 1000 1635 1141 1676; x_wconf 85' lang='lat' dir='ltr'>tradet</span> <span class='ocrx_word' id='word_1_200' title='bbox 1167 1635 1211 1676; x_wconf 89' lang='lat' dir='ltr'>in</span> <span class='ocrx_word' id='word_1_201' title='bbox 1231 1649 1407 1676; x_wconf 82' lang='lat' dir='ltr'>uxorem</span> 
     </span>
     <span class='ocr_line' id='line_1_27' title="bbox 53 1691 1406 1747; baseline 0.004 -17"><span class='ocrx_word' id='word_1_202' title='bbox 53 1691 97 1731; x_wconf 88' lang='lat' dir='ltr'>et</span> <span class='ocrx_word' id='word_1_203' title='bbox 135 1703 229 1731; x_wconf 86' lang='lat' dir='ltr'>eam</span> <span class='ocrx_word' id='word_1_204' title='bbox 267 1691 492 1733; x_wconf 88' lang='lat' dir='ltr'>nobiscum</span> <span class='ocrx_word' id='word_1_205' title='bbox 531 1707 617 1734; x_wconf 86' lang='lat' dir='ltr'>una</span> <span class='ocrx_word' id='word_1_206' title='bbox 649 1707 743 1734; x_wconf 90' lang='lat' dir='ltr'>cum</span> <span class='ocrx_word' id='word_1_207' title='bbox 776 1694 871 1747; x_wconf 87' lang='lat' dir='ltr'>ipso</span> <span class='ocrx_word' id='word_1_208' title='bbox 906 1707 954 1734; x_wconf 88' lang='lat' dir='ltr'>ac</span> <span class='ocrx_word' id='word_1_209' title='bbox 980 1694 1164 1735; x_wconf 86' lang='lat' dir='ltr'>navibus</span> <span class='ocrx_word' id='word_1_210' title='bbox 1197 1694 1247 1734; x_wconf 91' lang='lat' dir='ltr'>de</span> <span class='ocrx_word' id='word_1_211' title='bbox 1279 1694 1406 1735; x_wconf 86' lang='lat' dir='ltr'>bonis</span> 
     </span>
     <span class='ocr_line' id='line_1_28' title="bbox 51 1748 1407 1806; baseline 0.004 -17"><span class='ocrx_word' id='word_1_212' title='bbox 51 1748 343 1790; x_wconf 83' lang='lat' dir='ltr'>mercimoniis</span> <span class='ocrx_word' id='word_1_213' title='bbox 383 1751 572 1792; x_wconf 89' lang='lat' dir='ltr'>oneratis</span> <span class='ocrx_word' id='word_1_214' title='bbox 609 1752 804 1793; x_wconf 81' lang='lat' dir='ltr'>remittet</span> <span class='ocrx_word' id='word_1_215' title='bbox 843 1755 886 1793; x_wconf 88' lang='lat' dir='ltr'>et</span> <span class='ocrx_word' id='word_1_216' title='bbox 924 1752 985 1793; x_wconf 91' lang='lat' dir='ltr'>sic</span> <span class='ocrx_word' id='word_1_217' title='bbox 1022 1767 1099 1806; x_wconf 89' lang='lat' dir='ltr'>per</span> <span class='ocrx_word' id='word_1_218' title='bbox 1130 1753 1260 1794; x_wconf 84' lang='lat' dir='ltr'>istam</span> <span class='ocrx_word' id='word_1_219' title='bbox 1292 1753 1407 1794; x_wconf 87' lang='lat' dir='ltr'>viam</span> 
     </span>
     <span class='ocr_line' id='line_1_29' title="bbox 50 1806 1406 1863; baseline 0.003 -15"><span class='ocrx_word' id='word_1_220' title='bbox 50 1806 306 1861; x_wconf 88' lang='lat' dir='ltr'>locupletari</span> <span class='ocrx_word' id='word_1_221' title='bbox 343 1809 581 1863; x_wconf 86' lang='lat' dir='ltr'>poterimus</span> <span class='ocrx_word' id='word_1_222' title='bbox 621 1824 717 1850; x_wconf 89' lang='lat' dir='ltr'>cum</span> <span class='ocrx_word' id='word_1_223' title='bbox 754 1811 921 1851; x_wconf 87' lang='lat' dir='ltr'>iactura</span> <span class='ocrx_word' id='word_1_224' title='bbox 959 1813 1001 1851; x_wconf 91' lang='lat' dir='ltr'>et</span> <span class='ocrx_word' id='word_1_225' title='bbox 1046 1811 1406 1853; x_wconf 87' lang='lat' dir='ltr'>circumventione</span> 
     </span>
     <span class='ocr_line' id='line_1_30' title="bbox 48 1864 1408 1923; baseline 0.003 -16"><span class='ocrx_word' id='word_1_226' title='bbox 48 1864 241 1908; x_wconf 88' lang='lat' dir='ltr'>hostium</span> <span class='ocrx_word' id='word_1_227' title='bbox 266 1866 590 1908; x_wconf 87' lang='lat' dir='ltr'>Romanorum&#39;.</span> <span class='ocrx_word' id='word_1_228' title='bbox 635 1867 757 1917; x_wconf 82' lang='lat' dir='ltr'>Quod</span> <span class='ocrx_word' id='word_1_229' title='bbox 784 1869 1011 1910; x_wconf 88' lang='lat' dir='ltr'>consilium</span> <span class='ocrx_word' id='word_1_230' title='bbox 1038 1883 1134 1911; x_wconf 88' lang='lat' dir='ltr'>cum</span> <span class='ocrx_word' id='word_1_231' title='bbox 1160 1870 1408 1923; x_wconf 82' lang='lat' dir='ltr'>placuisset,</span> 
     </span>
     <span class='ocr_line' id='line_1_31' title="bbox 0 1926 1407 1981; baseline 0.004 -17"><span class='ocrx_word' id='word_1_232' title='bbox 0 1946 26 1973; x_wconf 70' lang='lat'>30</span> <span class='ocrx_word' id='word_1_233' title='bbox 49 1927 305 1978; x_wconf 89' lang='lat' dir='ltr'>acceperunt</span> <span class='ocrx_word' id='word_1_234' title='bbox 329 1926 598 1979; x_wconf 88' lang='lat' dir='ltr'>praedictum</span> <span class='ocrx_word' id='word_1_235' title='bbox 623 1941 805 1981; x_wconf 89' lang='lat' dir='ltr'>puerum</span> <span class='ocrx_word' id='word_1_236' title='bbox 830 1926 1164 1969; x_wconf 83' lang='lat' dir='ltr'>Constantinum</span> <span class='ocrx_word' id='word_1_237' title='bbox 1192 1931 1235 1969; x_wconf 90' lang='lat' dir='ltr'>et</span> <span class='ocrx_word' id='word_1_238' title='bbox 1263 1943 1407 1970; x_wconf 88' lang='lat' dir='ltr'>secum</span> 
     </span>
     <span class='ocr_line' id='line_1_32' title="bbox 47 1982 1406 2040; baseline 0.004 -17"><span class='ocrx_word' id='word_1_239' title='bbox 47 1982 100 2023; x_wconf 87' lang='lat' dir='ltr'>ad</span> <span class='ocrx_word' id='word_1_240' title='bbox 132 1983 305 2025; x_wconf 90' lang='lat' dir='ltr'>domum</span> <span class='ocrx_word' id='word_1_241' title='bbox 332 1999 454 2026; x_wconf 88' lang='lat' dir='ltr'>suam</span> <span class='ocrx_word' id='word_1_242' title='bbox 478 1986 760 2039; x_wconf 88' lang='lat' dir='ltr'>perducentes</span> <span class='ocrx_word' id='word_1_243' title='bbox 793 1986 1020 2040; x_wconf 88' lang='lat' dir='ltr'>ipsumque</span> <span class='ocrx_word' id='word_1_244' title='bbox 1048 1987 1098 2027; x_wconf 89' lang='lat' dir='ltr'>de</span> <span class='ocrx_word' id='word_1_245' title='bbox 1125 1987 1251 2028; x_wconf 86' lang='lat' dir='ltr'>bonis</span> <span class='ocrx_word' id='word_1_246' title='bbox 1278 1987 1406 2029; x_wconf 89' lang='lat' dir='ltr'>vesti-</span> 
     </span>
     <span class='ocr_line' id='line_1_33' title="bbox 45 2040 1408 2099; baseline 0.004 -18"><span class='ocrx_word' id='word_1_247' title='bbox 45 2040 126 2081; x_wconf 87' lang='lat' dir='ltr'>bus</span> <span class='ocrx_word' id='word_1_248' title='bbox 151 2042 379 2084; x_wconf 86' lang='lat' dir='ltr'>induentes</span> <span class='ocrx_word' id='word_1_249' title='bbox 406 2046 628 2098; x_wconf 87' lang='lat' dir='ltr'>tamquam</span> <span class='ocrx_word' id='word_1_250' title='bbox 655 2045 791 2085; x_wconf 86' lang='lat' dir='ltr'>filium</span> <span class='ocrx_word' id='word_1_251' title='bbox 818 2046 1044 2099; x_wconf 90' lang='lat' dir='ltr'>proprium</span> <span class='ocrx_word' id='word_1_252' title='bbox 1071 2060 1147 2099; x_wconf 85' lang='lat' dir='ltr'>per</span> <span class='ocrx_word' id='word_1_253' title='bbox 1172 2046 1408 2087; x_wconf 88' lang='lat' dir='ltr'>triennium</span> 
     </span>
    </p>
   </div>
   <div class='ocr_carea' id='block_1_3' title="bbox 46 2145 1408 2335">
    <p class='ocr_par' dir='ltr' id='par_1_3' title="bbox 46 2145 1408 2335">
     <span class='ocr_line' id='line_1_34' title="bbox 141 2145 1407 2191; baseline 0.005 -13"><span class='ocrx_word' id='word_1_254' title='bbox 141 2149 161 2179; x_wconf 81' lang='lat'>2</span> <span class='ocrx_word' id='word_1_255' title='bbox 197 2145 367 2180; x_wconf 87' lang='lat' dir='ltr'>additum</span> <span class='ocrx_word' id='word_1_256' title='bbox 401 2148 520 2191; x_wconf 80' lang='lat' dir='ltr'>codd,</span> <span class='ocrx_word' id='word_1_257' title='bbox 563 2147 708 2182; x_wconf 83' lang='lat' dir='ltr'>aditum</span> <span class='ocrx_word' id='word_1_258' title='bbox 751 2149 902 2184; x_wconf 77' lang='lat' dir='ltr'>correxi.</span> <span class='ocrx_word' id='word_1_259' title='bbox 1048 2154 1070 2183; x_wconf 87' lang='lat'>4</span> <span class='ocrx_word' id='word_1_260' title='bbox 1111 2148 1267 2184; x_wconf 84' lang='lat' dir='ltr'>cottidie</span> <span class='ocrx_word' id='word_1_261' title='bbox 1304 2150 1407 2184; x_wconf 88' lang='lat' dir='ltr'>codd.</span> 
     </span>
     <span class='ocr_line' id='line_1_35' title="bbox 48 2191 1407 2241; baseline 0.004 -16"><span class='ocrx_word' id='word_1_262' title='bbox 48 2195 67 2225; x_wconf 79' lang='lat'><strong>7</strong></span> <span class='ocrx_word' id='word_1_263' title='bbox 100 2191 295 2237; x_wconf 83' lang='lat' dir='ltr'>spaciandi</span> <span class='ocrx_word' id='word_1_264' title='bbox 327 2194 427 2228; x_wconf 89' lang='lat' dir='ltr'>codd.</span> <span class='ocrx_word' id='word_1_265' title='bbox 575 2199 618 2230; x_wconf 88' lang='lat'>15</span> <span class='ocrx_word' id='word_1_266' title='bbox 650 2196 728 2229; x_wconf 87' lang='lat' dir='ltr'>fore</span> <span class='ocrx_word' id='word_1_267' title='bbox 762 2200 804 2230; x_wconf 79' lang='lat' dir='ltr'>ut</span> <span class='ocrx_word' id='word_1_268' title='bbox 836 2197 923 2230; x_wconf 70' lang='lat' dir='ltr'>ediis</span> <span class='ocrx_word' id='word_1_269' title='bbox 955 2196 1042 2230; x_wconf 79' lang='lat' dir='ltr'>locis</span> <span class='ocrx_word' id='word_1_270' title='bbox 1073 2197 1168 2231; x_wconf 78' lang='lat' dir='ltr'>idem</span> <span class='ocrx_word' id='word_1_271' title='bbox 1204 2197 1300 2241; x_wconf 78' lang='lat' dir='ltr'>quod</span> <span class='ocrx_word' id='word_1_272' title='bbox 1326 2207 1407 2230; x_wconf 85' lang='lat' dir='ltr'>esse</span> 
     </span>
     <span class='ocr_line' id='line_1_36' title="bbox 46 2238 1408 2285; baseline 0.002 -12"><span class='ocrx_word' id='word_1_273' title='bbox 46 2238 238 2283; x_wconf 68' lang='lat' dir='ltr'>siqnisicat.</span> <span class='ocrx_word' id='word_1_274' title='bbox 355 2244 400 2275; x_wconf 82' lang='lat'>20</span> <span class='ocrx_word' id='word_1_275' title='bbox 427 2242 465 2275; x_wconf 91' lang='lat' dir='ltr'>et</span> <span class='ocrx_word' id='word_1_276' title='bbox 490 2241 544 2284; x_wconf 84' lang='lat' dir='ltr'>F,</span> <span class='ocrx_word' id='word_1_277' title='bbox 571 2243 609 2276; x_wconf 85' lang='lat' dir='ltr'>et</span> <span class='ocrx_word' id='word_1_278' title='bbox 637 2241 670 2275; x_wconf 86' lang='lat' dir='ltr'>d&#39;</span> <span class='ocrx_word' id='word_1_279' title='bbox 698 2243 757 2285; x_wconf 89' lang='lat' dir='ltr'>D;</span> <span class='ocrx_word' id='word_1_280' title='bbox 782 2242 1007 2277; x_wconf 85' lang='lat' dir='ltr'>instruemus</span> <span class='ocrx_word' id='word_1_281' title='bbox 1034 2244 1136 2279; x_wconf 88' lang='lat' dir='ltr'>codd.</span> <span class='ocrx_word' id='word_1_282' title='bbox 1264 2247 1307 2278; x_wconf 78' lang='lat'>25</span> <span class='ocrx_word' id='word_1_283' title='bbox 1336 2242 1408 2278; x_wconf 86' lang='lat' dir='ltr'>sibi</span> 
     </span>
     <span class='ocr_line' id='line_1_37' title="bbox 47 2287 1081 2335; baseline 0.005 -16"><span class='ocrx_word' id='word_1_284' title='bbox 47 2288 88 2319; x_wconf 79' lang='lat' dir='ltr'>ut</span> <span class='ocrx_word' id='word_1_285' title='bbox 111 2287 316 2331; x_wconf 72' lang='lat' dir='ltr'>saepissime</span> <span class='ocrx_word' id='word_1_286' title='bbox 340 2288 381 2322; x_wconf 73' lang='lat' dir='ltr'>in</span> <span class='ocrx_word' id='word_1_287' title='bbox 406 2288 470 2323; x_wconf 80' lang='lat' dir='ltr'>hoc</span> <span class='ocrx_word' id='word_1_288' title='bbox 496 2289 613 2324; x_wconf 80' lang='lat' dir='ltr'>libello</span> <span class='ocrx_word' id='word_1_289' title='bbox 639 2290 732 2324; x_wconf 72' lang='lat' dir='ltr'>idem</span> <span class='ocrx_word' id='word_1_290' title='bbox 757 2300 800 2325; x_wconf 85' lang='lat' dir='ltr'>ac</span> <span class='ocrx_word' id='word_1_291' title='bbox 826 2289 860 2324; x_wconf 87' lang='lat' dir='ltr'>ei</span> <span class='ocrx_word' id='word_1_292' title='bbox 885 2291 1081 2335; x_wconf 60' lang='lat' dir='ltr'>significat.</span> 
     </span>
    </p>
   </div>
  </div>
 </body>
</html>
