1583 2552
637 96 923 137 -30-

101 201 344 255 praedictos
377 203 564 242 tractata
595 201 782 254 fuerant,
816 202 1128 243 consummavit
1164 206 1207 244 et
1241 204 1456 259 imperiali

103 260 360 301 auctoritate
412 261 691 302 confirmavit,
760 260 968 302 Similiter
1019 262 1091 316 qui
1142 262 1454 306 ambasiatores

101 318 376 372 imperatoris
420 318 681 361 Graecorum
721 334 771 361 ex
809 323 932 374 parte
965 320 1152 361 eiusdem
1194 321 1357 363 domini
1390 324 1454 364 sui

104 381 148 418 et
180 392 306 432 quem
345 378 396 419 ad
434 379 606 419 modum
648 379 702 420 ab
740 379 836 432 ipso
867 382 1116 432 receperant
1153 380 1198 420 in
1229 381 1457 435 mandatis,

103 436 297 477 fecerunt
322 437 412 478 vice
438 452 574 479 versa.
624 436 688 479 Ac
714 438 805 492 ipse
833 436 1131 491 Constantius,
1161 438 1454 481 Romanorum
1475 451 1491 477 5

102 496 358 549 imperator,
396 496 532 537 filium
573 511 695 537 suum
737 495 1069 538 Constantinum
1107 512 1191 538 una
1230 512 1325 539 cum
1359 513 1456 540 con-

102 555 202 608 iuge
249 555 294 596 in
337 555 532 596 Romano
571 555 752 609 imperio
792 555 968 596 heredes
1009 555 1092 596 sibi
1136 559 1236 609 post
1272 560 1457 599 mortem

105 628 225 654 suam
266 628 537 655 successuros
577 614 737 655 ibidem
777 629 922 656 coram
959 615 1161 656 universo
1204 617 1354 656 senatu
1395 616 1455 656 in-

103 672 248 713 stituit
286 687 414 714 manu
453 673 645 727 propria:
691 673 801 727 quod
835 676 877 714 et
914 673 999 727 ipsi
1036 673 1348 715 ambasiatores
1380 674 1456 715 im-

100 732 316 786 peratoris
351 731 611 773 Graecorum
652 732 701 773 de
741 732 921 787 imperio
966 731 1223 773 Graecorum
1262 733 1455 774 fecerunt
1476 744 1510 768 10

102 805 123 831 e
165 804 382 831 converso.
441 790 523 831 His
568 805 670 832 vero
710 792 907 833 omnibus
945 792 1132 845 peractis
1173 789 1455 833 Constantius

100 849 191 891 filio
219 848 502 891 Constantino
537 852 580 891 et
613 864 714 891 suae
747 850 920 903 coniugi
953 864 1047 890 cum
1081 864 1130 890 ea
1163 849 1456 892 sollemnitate

100 908 194 949 fieri
227 908 329 949 fecit
360 908 534 962 nuptias
569 923 617 950 ac
651 909 686 949 si
717 909 792 949 illo
825 909 891 949 die
925 911 1067 950 essent
1094 908 1280 963 primum
1307 910 1457 950 matri·
1489 906 1494 910 ⁵

101 967 350 1008 monialiter
395 967 596 1020 copulati.
666 967 992 1008 Ambasiatores
1037 982 1135 1008 vero
1180 967 1454 1020 imperatoris

105 1025 365 1068 Graecorum
395 1029 495 1080 post
526 1026 608 1068 hoc
635 1040 729 1067 cum
755 1027 926 1080 magnis
953 1026 1202 1067 muneribus
1230 1029 1273 1067 et
1299 1039 1454 1080 magno
1477 1035 1510 1061 15

101 1084 264 1126 honore
297 1085 551 1126 reviserunt.

30 1141 86 1181 48
223 1143 416 1193 Qualiter
462 1146 605 1184 autem
651 1142 962 1185 Constantinus
1004 1146 1174 1185 mortuo
1216 1158 1292 1185 suo
1333 1145 1456 1197 patre

106 1202 363 1245 Constantio
397 1203 442 1243 in
473 1202 668 1244 Romano
701 1203 882 1256 imperio
916 1206 958 1243 et
989 1204 1160 1243 mortuo
1201 1217 1275 1243 suo
1310 1216 1455 1242 socero

100 1262 146 1303 in
200 1261 461 1303 Graecorum
512 1262 693 1316 imperio
746 1261 998 1302 successerit
1049 1263 1094 1301 et
1139 1260 1281 1301 factus
1325 1260 1456 1301 fuerit

100 1321 235 1362 totius
275 1320 435 1361 saeculi
474 1321 727 1373 monarcha,
766 1320 952 1374 qualiter
991 1335 1015 1361 a
1052 1318 1209 1361 Sancto
1244 1318 1454 1360 Silvestro
1474 1328 1509 1354 20

100 1394 215 1434 papa
253 1394 277 1420 a
316 1379 436 1433 lepra
476 1382 647 1420 curatus
687 1382 729 1420 et
768 1379 820 1420 ad
858 1379 986 1420 fidem
1019 1377 1182 1419 Christi
1223 1392 1453 1419 conversus

100 1439 185 1480 fuit
230 1452 278 1479 ac
316 1453 449 1492 usque
489 1436 541 1478 ad
580 1440 764 1479 mortem
806 1452 925 1478 suam
964 1437 1008 1478 in
1046 1439 1228 1490 utroque
1274 1436 1453 1490 imperio

100 1497 403 1552 potentissime
429 1497 629 1551 regnavit
656 1499 698 1537 et
724 1496 909 1550 qualiter
937 1498 1085 1537 sancta
1109 1495 1287 1549 Helena,
1318 1497 1454 1535 mater

103 1555 396 1609 Constantini,
435 1555 785 1610 Hierosolymam
817 1555 946 1596 iverit
985 1557 1027 1596 et
1060 1557 1252 1595 sanctam
1286 1567 1452 1595 crucem

102 1614 264 1656 ibidem
306 1614 535 1668 invenerit,
573 1614 742 1668 require
780 1614 824 1654 in
863 1613 951 1654 suis
990 1613 1107 1654 locis.
1158 1611 1275 1653 Haec
1308 1614 1452 1653 autem
1472 1620 1506 1646 25

101 1674 173 1715 hic
207 1673 336 1715 scribi
368 1673 433 1714 fas
466 1688 552 1714 non
578 1676 643 1714 est
668 1687 747 1714 nec
773 1674 961 1726 oportet,
994 1671 1066 1712 sed
1098 1671 1204 1712 haec
1237 1670 1455 1711 sufficiant

102 1747 181 1787 pro
215 1735 313 1773 ortu
347 1730 623 1773 Constantini
664 1731 734 1772 hic
766 1731 898 1772 fuisse
931 1730 1094 1784 scripta
1126 1729 1178 1771 ad
1210 1729 1380 1771 laudem
1413 1730 1455 1770 et

102 1792 311 1833 honorem
350 1790 595 1832 individuae
633 1790 863 1843 trinitatis,
904 1789 1041 1843 patris
1074 1791 1117 1830 et
1147 1788 1227 1829 filii
1260 1791 1302 1829 et
1334 1787 1455 1842 spiri-

102 1853 171 1892 tus
205 1849 355 1904 sancti,
389 1849 695 1904 omnipotentis
722 1849 801 1903 dei,
828 1849 901 1903 qui
927 1850 992 1889 est
1017 1847 1230 1888 mirabilis
1258 1847 1303 1887 in
1328 1846 1454 1887 factis

106 1910 192 1950 suis
219 1911 262 1950 et
287 1908 547 1950 mirabiliter
574 1908 804 1950 secundum
832 1922 933 1949 suae
960 1905 1191 1947 ineffabilis
1219 1904 1454 1959 sapientiae
1475 1913 1508 1939 30

104 1967 422 2021 providentiam
460 1967 701 2022 praemissa
738 1967 831 2007 fieri
867 1965 1094 2019 disposuit3
1135 1964 1292 2018 quique
1326 1963 1456 2004 etiam

107 2029 172 2067 est
201 2026 451 2068 benedictus
484 2026 529 2067 in
562 2026 733 2067 saecula
766 2025 1042 2066 saeculorum.
1091 2021 1243 2064 Amen.

204 2134 221 2164 1
251 2129 483 2164 consumavit
509 2130 609 2165 codd.
709 2133 729 2163 5
751 2127 1013 2164 Constantinus
1035 2127 1082 2163 F.
1181 2129 1201 2160 8
1223 2134 1455 2160 successuros

106 2177 157 2219 D,
184 2187 414 2211 successores
440 2177 486 2212 F.
606 2180 646 2211 11
675 2176 747 2210 hiis
775 2177 874 2211 codd.
975 2173 1238 2208 Constantinus
1265 2172 1311 2207 F.
1411 2174 1454 2205 12

108 2223 386 2269 sollempnitate
413 2224 513 2259 codd.
627 2228 670 2258 14
695 2221 1015 2258 Ambasiatoribus
1042 2222 1142 2256 codd.
1247 2224 1290 2255 22
1317 2220 1360 2254 de
1383 2228 1455 2253 mo-

107 2272 236 2307 dorum
261 2271 459 2306 mutatione
486 2271 529 2314 cf.
557 2271 605 2305 ari
626 2282 704 2316 cap.
725 2274 786 2306 27.
885 2273 929 2304 24
954 2267 1190 2304 Constantini
1212 2267 1333 2301 mater
1353 2264 1400 2300 F.

582 2343 987 2362 ψ
