<?xml version="1.0" encoding="UTF-8"?>
<!DOCTYPE html PUBLIC "-//W3C//DTD XHTML 1.0 Transitional//EN"
    "http://www.w3.org/TR/xhtml1/DTD/xhtml1-transitional.dtd">
<html xmlns="http://www.w3.org/1999/xhtml" xml:lang="en" lang="en">
 <head>
  <title>
</title>
<meta http-equiv="Content-Type" content="text/html;charset=utf-8" />
  <meta name='ocr-system' content='tesseract 3.04.00' />
  <meta name='ocr-capabilities' content='ocr_page ocr_carea ocr_par ocr_line ocrx_word'/>
</head>
<body>
  <div class='ocr_page' id='page_1' title='image "./incertiauctorisd00consuoft_0040.png"; bbox 0 0 1583 2552; ppageno 0'>
   <div class='ocr_carea' id='block_1_1' title="bbox 25 212 82 254">
    <p class='ocr_par' dir='ltr' id='par_1_1' title="bbox 25 212 82 254">
     <span class='ocr_line' id='line_1_1' title="bbox 25 212 82 254; baseline 0.018 -1"><span class='ocrx_word' id='word_1_1' title='bbox 25 212 82 254; x_wconf 86' lang='lat'>43</span> 
     </span>
    </p>
   </div>
   <div class='ocr_carea' id='block_1_2' title="bbox 26 1094 85 1136">
    <p class='ocr_par' dir='ltr' id='par_1_2' title="bbox 26 1094 85 1136">
     <span class='ocr_line' id='line_1_2' title="bbox 26 1094 85 1136; baseline -0.017 0"><span class='ocrx_word' id='word_1_2' title='bbox 26 1094 85 1136; x_wconf 81' lang='lat'>44</span> 
     </span>
    </p>
   </div>
   <div class='ocr_carea' id='block_1_3' title="bbox 27 1812 84 1854">
    <p class='ocr_par' dir='ltr' id='par_1_3' title="bbox 27 1812 84 1854">
     <span class='ocr_line' id='line_1_3' title="bbox 27 1812 84 1854; baseline 0 0"><span class='ocrx_word' id='word_1_3' title='bbox 27 1812 84 1854; x_wconf 82' lang='lat'>45</span> 
     </span>
    </p>
   </div>
   <div class='ocr_carea' id='block_1_4' title="bbox 627 107 919 148">
    <p class='ocr_par' dir='ltr' id='par_1_4' title="bbox 627 107 919 148">
     <span class='ocr_line' id='line_1_4' title="bbox 627 107 919 148; baseline 0.003 -13"><span class='ocrx_word' id='word_1_4' title='bbox 627 107 919 148; x_wconf 66' lang='lat'><strong>-23—</strong></span> 
     </span>
    </p>
   </div>
   <div class='ocr_carea' id='block_1_5' title="bbox 96 212 1453 2092">
    <p class='ocr_par' dir='ltr' id='par_1_5' title="bbox 96 212 1450 1093">
     <span class='ocr_line' id='line_1_5' title="bbox 217 212 1449 268; baseline 0.001 -14"><span class='ocrx_word' id='word_1_5' title='bbox 217 212 418 268; x_wconf 84' lang='lat' dir='ltr'>Receptis</span> <span class='ocrx_word' id='word_1_6' title='bbox 461 216 605 255; x_wconf 88' lang='lat' dir='ltr'>autem</span> <span class='ocrx_word' id='word_1_7' title='bbox 642 213 710 254; x_wconf 91' lang='lat' dir='ltr'>his</span> <span class='ocrx_word' id='word_1_8' title='bbox 747 213 871 254; x_wconf 87' lang='lat' dir='ltr'>novis</span> <span class='ocrx_word' id='word_1_9' title='bbox 909 212 1147 267; x_wconf 86' lang='lat' dir='ltr'>imperator</span> <span class='ocrx_word' id='word_1_10' title='bbox 1187 212 1449 257; x_wconf 84' lang='lat' dir='ltr'>Graecorum</span> 
     </span>
     <span class='ocr_line' id='line_1_6' title="bbox 98 271 1449 328; baseline 0.002 -15"><span class='ocrx_word' id='word_1_11' title='bbox 98 274 141 314; x_wconf 87' lang='lat' dir='ltr'>et</span> <span class='ocrx_word' id='word_1_12' title='bbox 171 272 424 326; x_wconf 73' lang='lat' dir='ltr'><strong>imperatrix</strong></span> <span class='ocrx_word' id='word_1_13' title='bbox 456 272 501 313; x_wconf 90' lang='lat' dir='ltr'>in</span> <span class='ocrx_word' id='word_1_14' title='bbox 532 274 700 313; x_wconf 89' lang='lat' dir='ltr'>tantam</span> <span class='ocrx_word' id='word_1_15' title='bbox 731 274 1019 326; x_wconf 86' lang='lat' dir='ltr'>proruperunt</span> <span class='ocrx_word' id='word_1_16' title='bbox 1044 271 1204 314; x_wconf 86' lang='lat' dir='ltr'>doloris</span> <span class='ocrx_word' id='word_1_17' title='bbox 1238 275 1281 314; x_wconf 89' lang='lat' dir='ltr'>et</span> <span class='ocrx_word' id='word_1_18' title='bbox 1313 275 1449 328; x_wconf 83' lang='lat' dir='ltr'>gemi-</span> 
     </span>
     <span class='ocr_line' id='line_1_7' title="bbox 96 331 1449 387; baseline 0.001 -15"><span class='ocrx_word' id='word_1_19' title='bbox 96 333 167 372; x_wconf 89' lang='lat' dir='ltr'>tus</span> <span class='ocrx_word' id='word_1_20' title='bbox 187 331 515 385; x_wconf 73' lang='lat' dir='ltr'>vehementiam,</span> <span class='ocrx_word' id='word_1_21' title='bbox 541 331 655 385; x_wconf 90' lang='lat' dir='ltr'>quod</span> <span class='ocrx_word' id='word_1_22' title='bbox 674 331 931 372; x_wconf 84' lang='lat' dir='ltr'>videbantur</span> <span class='ocrx_word' id='word_1_23' title='bbox 958 332 1079 372; x_wconf 85' lang='lat' dir='ltr'>extra</span> <span class='ocrx_word' id='word_1_24' title='bbox 1104 333 1291 373; x_wconf 85' lang='lat' dir='ltr'>mentem</span> <span class='ocrx_word' id='word_1_25' title='bbox 1315 334 1449 387; x_wconf 88' lang='lat' dir='ltr'>positi</span> 
     </span>
     <span class='ocr_line' id='line_1_8' title="bbox 98 388 1448 445; baseline 0.003 -15"><span class='ocrx_word' id='word_1_26' title='bbox 98 392 141 431; x_wconf 99' lang='grc' dir='ltr'><strong>εὴ</strong></span> <span class='ocrx_word' id='word_1_27' title='bbox 167 404 211 431; x_wconf 91' lang='lat' dir='ltr'>se</span> <span class='ocrx_word' id='word_1_28' title='bbox 237 390 355 444; x_wconf 88' lang='lat' dir='ltr'>ipsos</span> <span class='ocrx_word' id='word_1_29' title='bbox 381 390 493 432; x_wconf 88' lang='lat' dir='ltr'>velle</span> <span class='ocrx_word' id='word_1_30' title='bbox 519 389 726 445; x_wconf 81' lang='lat' dir='ltr'>iugulare.</span> <span class='ocrx_word' id='word_1_31' title='bbox 770 388 891 438; x_wconf 81' lang='lat' dir='ltr'>Quod</span> <span class='ocrx_word' id='word_1_32' title='bbox 917 389 1110 431; x_wconf 84' lang='lat' dir='ltr'>videntes</span> <span class='ocrx_word' id='word_1_33' title='bbox 1135 390 1448 434; x_wconf 87' lang='lat' dir='ltr'>ambasiatores</span> 
     </span>
     <span class='ocr_line' id='line_1_9' title="bbox 98 448 1447 503; baseline 0.001 -13"><span class='ocrx_word' id='word_1_34' title='bbox 98 451 142 490; x_wconf 83' lang='lat' dir='ltr'>et</span> <span class='ocrx_word' id='word_1_35' title='bbox 190 449 332 490; x_wconf 90' lang='lat' dir='ltr'>nuntii</span> <span class='ocrx_word' id='word_1_36' title='bbox 384 449 518 503; x_wconf 89' lang='lat' dir='ltr'>ipsius</span> <span class='ocrx_word' id='word_1_37' title='bbox 568 448 844 502; x_wconf 89' lang='lat' dir='ltr'>imperatoris</span> <span class='ocrx_word' id='word_1_38' title='bbox 893 448 1079 490; x_wconf 85' lang='lat' dir='ltr'>Romani</span> <span class='ocrx_word' id='word_1_39' title='bbox 1128 449 1327 492; x_wconf 86' lang='lat' dir='ltr'>dixerunt</span> <span class='ocrx_word' id='word_1_40' title='bbox 1376 451 1447 492; x_wconf 85' lang='lat' dir='ltr'>iis:</span> 
     </span>
     <span class='ocr_line' id='line_1_10' title="bbox 98 506 1448 562; baseline 0.001 -13"><span class='ocrx_word' id='word_1_41' title='bbox 98 506 262 549; x_wconf 71' lang='lat' dir='ltr'>‘Nolite</span> <span class='ocrx_word' id='word_1_42' title='bbox 289 508 554 562; x_wconf 87' lang='lat' dir='ltr'>contristari,</span> <span class='ocrx_word' id='word_1_43' title='bbox 585 508 720 549; x_wconf 90' lang='lat' dir='ltr'>nolite</span> <span class='ocrx_word' id='word_1_44' title='bbox 747 508 894 562; x_wconf 89' lang='lat' dir='ltr'>itaque</span> <span class='ocrx_word' id='word_1_45' title='bbox 920 506 1077 561; x_wconf 81' lang='lat' dir='ltr'>facere3</span> <span class='ocrx_word' id='word_1_46' title='bbox 1111 507 1307 550; x_wconf 88' lang='lat' dir='ltr'>dominus</span> <span class='ocrx_word' id='word_1_47' title='bbox 1335 510 1448 551; x_wconf 90' lang='lat' dir='ltr'>enim</span> 
     </span>
     <span class='ocr_line' id='line_1_11' title="bbox 97 566 1450 621; baseline 0.001 -14"><span class='ocrx_word' id='word_1_48' title='bbox 97 566 333 621; x_wconf 87' lang='lat' dir='ltr'>imperator</span> <span class='ocrx_word' id='word_1_49' title='bbox 370 566 684 620; x_wconf 87' lang='lat' dir='ltr'>Romanorum,</span> <span class='ocrx_word' id='word_1_50' title='bbox 727 566 958 608; x_wconf 86' lang='lat' dir='ltr'>secundum</span> <span class='ocrx_word' id='word_1_51' title='bbox 997 566 1109 620; x_wconf 88' lang='lat' dir='ltr'>quod</span> <span class='ocrx_word' id='word_1_52' title='bbox 1148 581 1269 608; x_wconf 88' lang='lat' dir='ltr'>suam</span> <span class='ocrx_word' id='word_1_53' title='bbox 1308 568 1450 610; x_wconf 89' lang='lat' dir='ltr'>decuit</span> 
     </span>
     <span class='ocr_line' id='line_1_12' title="bbox 97 625 1449 680; baseline 0.001 -13"><span class='ocrx_word' id='word_1_54' title='bbox 97 625 383 678; x_wconf 87' lang='lat' dir='ltr'>maiestatem,</span> <span class='ocrx_word' id='word_1_55' title='bbox 415 626 565 667; x_wconf 89' lang='lat' dir='ltr'>nolens</span> <span class='ocrx_word' id='word_1_56' title='bbox 592 627 682 666; x_wconf 89' lang='lat' dir='ltr'>tam</span> <span class='ocrx_word' id='word_1_57' title='bbox 710 639 964 680; x_wconf 82' lang='lat' dir='ltr'>generosam</span> <span class='ocrx_word' id='word_1_58' title='bbox 997 625 1228 680; x_wconf 86' lang='lat' dir='ltr'>dominam,</span> <span class='ocrx_word' id='word_1_59' title='bbox 1260 629 1449 668; x_wconf 86' lang='lat' dir='ltr'>vestram</span> 
     </span>
     <span class='ocr_line' id='line_1_13' title="bbox 96 684 1449 738; baseline 0.001 -13"><span class='ocrx_word' id='word_1_60' title='bbox 96 684 251 735; x_wconf 86' lang='lat' dir='ltr'>filiam,</span> <span class='ocrx_word' id='word_1_61' title='bbox 282 684 376 726; x_wconf 88' lang='lat' dir='ltr'>fore</span> <span class='ocrx_word' id='word_1_62' title='bbox 408 687 497 726; x_wconf 88' lang='lat' dir='ltr'>tam</span> <span class='ocrx_word' id='word_1_63' title='bbox 531 684 836 725; x_wconf 69' lang='lat' dir='ltr'>miserabiliter</span> <span class='ocrx_word' id='word_1_64' title='bbox 862 684 1100 738; x_wconf 74' lang='lat' dir='ltr'>seductam,</span> <span class='ocrx_word' id='word_1_65' title='bbox 1132 698 1233 725; x_wconf 85' lang='lat' dir='ltr'>mox</span> <span class='ocrx_word' id='word_1_66' title='bbox 1264 685 1449 727; x_wconf 86' lang='lat' dir='ltr'>veritate</span> 
     </span>
     <span class='ocr_line' id='line_1_14' title="bbox 99 741 1449 798; baseline 0 -13"><span class='ocrx_word' id='word_1_67' title='bbox 99 758 227 798; x_wconf 89' lang='lat' dir='ltr'>super</span> <span class='ocrx_word' id='word_1_68' title='bbox 258 743 504 785; x_wconf 85' lang='lat' dir='ltr'>huiusmodi</span> <span class='ocrx_word' id='word_1_69' title='bbox 537 745 756 797; x_wconf 83' lang='lat' dir='ltr'>comperta</span> <span class='ocrx_word' id='word_1_70' title='bbox 788 741 1120 784; x_wconf 86' lang='lat' dir='ltr'>Constantinum</span> <span class='ocrx_word' id='word_1_71' title='bbox 1151 743 1290 785; x_wconf 88' lang='lat' dir='ltr'>filium</span> <span class='ocrx_word' id='word_1_72' title='bbox 1324 759 1449 785; x_wconf 89' lang='lat' dir='ltr'>suum</span> 
     </span>
     <span class='ocr_line' id='line_1_15' title="bbox 99 801 1449 844; baseline 0.001 -1"><span class='ocrx_word' id='word_1_73' title='bbox 99 805 142 844; x_wconf 81' lang='lat' dir='ltr'>et</span> <span class='ocrx_word' id='word_1_74' title='bbox 172 804 362 843; x_wconf 86' lang='lat' dir='ltr'>vestram</span> <span class='ocrx_word' id='word_1_75' title='bbox 402 803 538 844; x_wconf 88' lang='lat' dir='ltr'>filiam</span> <span class='ocrx_word' id='word_1_76' title='bbox 571 802 660 843; x_wconf 91' lang='lat' dir='ltr'>eius</span> <span class='ocrx_word' id='word_1_77' title='bbox 699 816 875 843; x_wconf 87' lang='lat' dir='ltr'>uxorem</span> <span class='ocrx_word' id='word_1_78' title='bbox 908 816 1007 843; x_wconf 89' lang='lat' dir='ltr'>suos</span> <span class='ocrx_word' id='word_1_79' title='bbox 1039 801 1231 843; x_wconf 85' lang='lat' dir='ltr'>instituit</span> <span class='ocrx_word' id='word_1_80' title='bbox 1271 802 1449 844; x_wconf 86' lang='lat' dir='ltr'>heredes</span> 
     </span>
     <span class='ocr_line' id='line_1_16' title="bbox 99 860 1450 917; baseline 0.001 -15"><span class='ocrx_word' id='word_1_81' title='bbox 99 863 142 903; x_wconf 90' lang='lat' dir='ltr'>et</span> <span class='ocrx_word' id='word_1_82' title='bbox 184 860 370 902; x_wconf 85' lang='lat' dir='ltr'>Romani</span> <span class='ocrx_word' id='word_1_83' title='bbox 413 861 585 915; x_wconf 89' lang='lat' dir='ltr'>imperii</span> <span class='ocrx_word' id='word_1_84' title='bbox 631 875 909 902; x_wconf 83' lang='lat' dir='ltr'>successores.</span> <span class='ocrx_word' id='word_1_85' title='bbox 964 860 1024 902; x_wconf 87' lang='lat' dir='ltr'>Et</span> <span class='ocrx_word' id='word_1_86' title='bbox 1067 861 1176 914; x_wconf 87' lang='lat' dir='ltr'>volt,</span> <span class='ocrx_word' id='word_1_87' title='bbox 1220 861 1256 902; x_wconf 90' lang='lat' dir='ltr'>si</span> <span class='ocrx_word' id='word_1_88' title='bbox 1293 862 1450 917; x_wconf 87' lang='lat' dir='ltr'>placet,</span> 
     </span>
     <span class='ocr_line' id='line_1_17' title="bbox 99 919 1450 975; baseline 0.001 -14"><span class='ocrx_word' id='word_1_89' title='bbox 99 920 261 974; x_wconf 90' lang='lat' dir='ltr'>omnia,</span> <span class='ocrx_word' id='word_1_90' title='bbox 301 935 409 974; x_wconf 90' lang='lat' dir='ltr'>quae</span> <span class='ocrx_word' id='word_1_91' title='bbox 446 935 523 975; x_wconf 89' lang='lat' dir='ltr'>per</span> <span class='ocrx_word' id='word_1_92' title='bbox 561 920 803 974; x_wconf 89' lang='lat' dir='ltr'>praedictos</span> <span class='ocrx_word' id='word_1_93' title='bbox 836 922 1114 973; x_wconf 88' lang='lat' dir='ltr'>mercatores,</span> <span class='ocrx_word' id='word_1_94' title='bbox 1147 919 1250 961; x_wconf 90' lang='lat' dir='ltr'>licet</span> <span class='ocrx_word' id='word_1_95' title='bbox 1282 920 1450 975; x_wconf 86' lang='lat' dir='ltr'>callide,</span> 
     </span>
     <span class='ocr_line' id='line_1_18' title="bbox 98 978 1449 1033; baseline 0 -13"><span class='ocrx_word' id='word_1_96' title='bbox 98 981 286 1020; x_wconf 84' lang='lat' dir='ltr'>tractata</span> <span class='ocrx_word' id='word_1_97' title='bbox 304 979 488 1030; x_wconf 85' lang='lat' dir='ltr'>fuerant,</span> <span class='ocrx_word' id='word_1_98' title='bbox 506 979 730 1020; x_wconf 86' lang='lat' dir='ltr'>vobiscum</span> <span class='ocrx_word' id='word_1_99' title='bbox 750 978 946 1020; x_wconf 83' lang='lat' dir='ltr'>totaliter</span> <span class='ocrx_word' id='word_1_100' title='bbox 963 992 1263 1020; x_wconf 87' lang='lat' dir='ltr'>consummare</span> <span class='ocrx_word' id='word_1_101' title='bbox 1281 993 1449 1033; x_wconf 89' lang='lat' dir='ltr'>pacem-</span> 
     </span>
     <span class='ocr_line' id='line_1_19' title="bbox 99 1037 1177 1093; baseline -0.001 -14"><span class='ocrx_word' id='word_1_102' title='bbox 99 1052 179 1093; x_wconf 91' lang='lat' dir='ltr'>que</span> <span class='ocrx_word' id='word_1_103' title='bbox 210 1040 463 1093; x_wconf 89' lang='lat' dir='ltr'>perpetuam</span> <span class='ocrx_word' id='word_1_104' title='bbox 495 1038 718 1079; x_wconf 89' lang='lat' dir='ltr'>vobiscum</span> <span class='ocrx_word' id='word_1_105' title='bbox 749 1037 888 1078; x_wconf 85' lang='lat' dir='ltr'>facere</span> <span class='ocrx_word' id='word_1_106' title='bbox 921 1040 964 1078; x_wconf 90' lang='lat' dir='ltr'>ct</span> <span class='ocrx_word' id='word_1_107' title='bbox 996 1051 1177 1078; x_wconf 84' lang='lat' dir='ltr'>servare.</span> 
     </span>
    </p>

    <p class='ocr_par' dir='ltr' id='par_1_6' title="bbox 97 1095 1452 1797">
     <span class='ocr_line' id='line_1_20' title="bbox 218 1095 1450 1150; baseline -0.001 -12"><span class='ocrx_word' id='word_1_108' title='bbox 218 1096 340 1145; x_wconf 80' lang='lat' dir='ltr'>Quod</span> <span class='ocrx_word' id='word_1_109' title='bbox 379 1097 598 1138; x_wconf 85' lang='lat' dir='ltr'>audientes</span> <span class='ocrx_word' id='word_1_110' title='bbox 643 1096 880 1150; x_wconf 86' lang='lat' dir='ltr'>imperator</span> <span class='ocrx_word' id='word_1_111' title='bbox 918 1095 1180 1137; x_wconf 85' lang='lat' dir='ltr'>Graecorum</span> <span class='ocrx_word' id='word_1_112' title='bbox 1225 1110 1310 1137; x_wconf 88' lang='lat' dir='ltr'>una</span> <span class='ocrx_word' id='word_1_113' title='bbox 1354 1110 1450 1138; x_wconf 90' lang='lat' dir='ltr'>cum</span> 
     </span>
     <span class='ocr_line' id='line_1_21' title="bbox 98 1154 1450 1210; baseline -0.001 -13"><span class='ocrx_word' id='word_1_114' title='bbox 98 1155 371 1210; x_wconf 82' lang='lat' dir='ltr'>imperatrice</span> <span class='ocrx_word' id='word_1_115' title='bbox 411 1155 463 1196; x_wconf 85' lang='lat' dir='ltr'>acl</span> <span class='ocrx_word' id='word_1_116' title='bbox 497 1170 542 1197; x_wconf 86' lang='lat' dir='ltr'>se</span> <span class='ocrx_word' id='word_1_117' title='bbox 573 1155 734 1196; x_wconf 83' lang='lat' dir='ltr'>reversi</span> <span class='ocrx_word' id='word_1_118' title='bbox 771 1169 875 1208; x_wconf 89' lang='lat' dir='ltr'>prae</span> <span class='ocrx_word' id='word_1_119' title='bbox 911 1154 1066 1209; x_wconf 81' lang='lat' dir='ltr'>gaudio</span> <span class='ocrx_word' id='word_1_120' title='bbox 1099 1154 1325 1196; x_wconf 83' lang='lat' dir='ltr'>lacrimare</span> <span class='ocrx_word' id='word_1_121' title='bbox 1359 1169 1450 1197; x_wconf 92' lang='lat' dir='ltr'>coe-</span> 
     </span>
     <span class='ocr_line' id='line_1_22' title="bbox 97 1212 1450 1269; baseline -0.002 -13"><span class='ocrx_word' id='word_1_122' title='bbox 97 1217 254 1269; x_wconf 89' lang='lat' dir='ltr'>perunt</span> <span class='ocrx_word' id='word_1_123' title='bbox 284 1214 494 1256; x_wconf 88' lang='lat' dir='ltr'>dicentes:</span> <span class='ocrx_word' id='word_1_124' title='bbox 539 1213 687 1255; x_wconf 70' lang='lat' dir='ltr'>‘Vivat</span> <span class='ocrx_word' id='word_1_125' title='bbox 712 1214 948 1268; x_wconf 86' lang='lat' dir='ltr'>imperator</span> <span class='ocrx_word' id='word_1_126' title='bbox 976 1212 1273 1254; x_wconf 83' lang='lat' dir='ltr'>Romanorum</span> <span class='ocrx_word' id='word_1_127' title='bbox 1299 1215 1342 1254; x_wconf 90' lang='lat' dir='ltr'>et</span> <span class='ocrx_word' id='word_1_128' title='bbox 1372 1214 1450 1254; x_wconf 90' lang='lat' dir='ltr'>im-</span> 
     </span>
     <span class='ocr_line' id='line_1_23' title="bbox 99 1272 1450 1328; baseline -0.001 -14"><span class='ocrx_word' id='word_1_129' title='bbox 99 1276 221 1328; x_wconf 89' lang='lat' dir='ltr'>peret</span> <span class='ocrx_word' id='word_1_130' title='bbox 259 1273 304 1314; x_wconf 91' lang='lat' dir='ltr'>in</span> <span class='ocrx_word' id='word_1_131' title='bbox 342 1273 560 1328; x_wconf 84' lang='lat' dir='ltr'>praesenti</span> <span class='ocrx_word' id='word_1_132' title='bbox 603 1272 772 1314; x_wconf 89' lang='lat' dir='ltr'>saeculo</span> <span class='ocrx_word' id='word_1_133' title='bbox 818 1272 1002 1313; x_wconf 86' lang='lat' dir='ltr'>feliciter</span> <span class='ocrx_word' id='word_1_134' title='bbox 1042 1274 1084 1312; x_wconf 90' lang='lat' dir='ltr'>et</span> <span class='ocrx_word' id='word_1_135' title='bbox 1126 1274 1228 1325; x_wconf 88' lang='lat' dir='ltr'>post</span> <span class='ocrx_word' id='word_1_136' title='bbox 1264 1274 1450 1313; x_wconf 86' lang='lat' dir='ltr'>mortem</span> 
     </span>
     <span class='ocr_line' id='line_1_24' title="bbox 98 1330 1450 1385; baseline -0.002 -11"><span class='ocrx_word' id='word_1_137' title='bbox 98 1346 195 1374; x_wconf 90' lang='lat' dir='ltr'>cum</span> <span class='ocrx_word' id='word_1_138' title='bbox 227 1332 308 1373; x_wconf 88' lang='lat' dir='ltr'>diis</span> <span class='ocrx_word' id='word_1_139' title='bbox 346 1332 604 1373; x_wconf 86' lang='lat' dir='ltr'>sublimibus</span> <span class='ocrx_word' id='word_1_140' title='bbox 637 1334 856 1373; x_wconf 87' lang='lat' dir='ltr'>aeternam</span> <span class='ocrx_word' id='word_1_141' title='bbox 887 1344 965 1385; x_wconf 89' lang='lat' dir='ltr'>pro</span> <span class='ocrx_word' id='word_1_142' title='bbox 999 1345 1076 1371; x_wconf 89' lang='lat' dir='ltr'>sua</span> <span class='ocrx_word' id='word_1_143' title='bbox 1107 1330 1288 1384; x_wconf 87' lang='lat' dir='ltr'>pietate,</span> <span class='ocrx_word' id='word_1_144' title='bbox 1321 1345 1450 1385; x_wconf 92' lang='lat' dir='ltr'>quam</span> 
     </span>
     <span class='ocr_line' id='line_1_25' title="bbox 100 1388 1452 1443; baseline -0.001 -11"><span class='ocrx_word' id='word_1_145' title='bbox 100 1391 211 1432; x_wconf 87' lang='lat' dir='ltr'>circa</span> <span class='ocrx_word' id='word_1_146' title='bbox 253 1405 332 1433; x_wconf 89' lang='lat' dir='ltr'>nos</span> <span class='ocrx_word' id='word_1_147' title='bbox 377 1395 420 1433; x_wconf 90' lang='lat' dir='ltr'>et</span> <span class='ocrx_word' id='word_1_148' title='bbox 462 1393 657 1432; x_wconf 88' lang='lat' dir='ltr'>nostram</span> <span class='ocrx_word' id='word_1_149' title='bbox 699 1390 836 1430; x_wconf 90' lang='lat' dir='ltr'>filiam</span> <span class='ocrx_word' id='word_1_150' title='bbox 878 1389 1048 1430; x_wconf 89' lang='lat' dir='ltr'>unicam</span> <span class='ocrx_word' id='word_1_151' title='bbox 1096 1388 1219 1442; x_wconf 87' lang='lat' dir='ltr'>facit,</span> <span class='ocrx_word' id='word_1_152' title='bbox 1270 1389 1452 1443; x_wconf 90' lang='lat' dir='ltr'>recipiat</span> 
     </span>
     <span class='ocr_line' id='line_1_26' title="bbox 99 1448 1452 1505; baseline -0.002 -14"><span class='ocrx_word' id='word_1_153' title='bbox 99 1450 284 1505; x_wconf 85' lang='lat' dir='ltr'>gloriam</span> <span class='ocrx_word' id='word_1_154' title='bbox 324 1452 366 1491; x_wconf 88' lang='lat' dir='ltr'>et</span> <span class='ocrx_word' id='word_1_155' title='bbox 402 1449 623 1491; x_wconf 84' lang='lat' dir='ltr'>honorem.</span> <span class='ocrx_word' id='word_1_156' title='bbox 678 1448 737 1490; x_wconf 88' lang='lat' dir='ltr'>Et</span> <span class='ocrx_word' id='word_1_157' title='bbox 773 1462 852 1489; x_wconf 90' lang='lat' dir='ltr'>nos</span> <span class='ocrx_word' id='word_1_158' title='bbox 891 1448 982 1489; x_wconf 86' lang='lat' dir='ltr'>vice</span> <span class='ocrx_word' id='word_1_159' title='bbox 1018 1461 1146 1488; x_wconf 86' lang='lat' dir='ltr'>versa</span> <span class='ocrx_word' id='word_1_160' title='bbox 1185 1461 1328 1488; x_wconf 90' lang='lat' dir='ltr'>secum</span> <span class='ocrx_word' id='word_1_161' title='bbox 1365 1462 1452 1489; x_wconf 89' lang='lat' dir='ltr'>non</span> 
     </span>
     <span class='ocr_line' id='line_1_27' title="bbox 100 1506 1452 1563; baseline -0.002 -13"><span class='ocrx_word' id='word_1_162' title='bbox 100 1509 239 1550; x_wconf 89' lang='lat' dir='ltr'>solum</span> <span class='ocrx_word' id='word_1_163' title='bbox 276 1523 426 1563; x_wconf 87' lang='lat' dir='ltr'>pacem</span> <span class='ocrx_word' id='word_1_164' title='bbox 461 1508 600 1549; x_wconf 84' lang='lat' dir='ltr'>facere</span> <span class='ocrx_word' id='word_1_165' title='bbox 639 1510 681 1548; x_wconf 89' lang='lat' dir='ltr'>et</span> <span class='ocrx_word' id='word_1_166' title='bbox 714 1521 884 1549; x_wconf 88' lang='lat' dir='ltr'>servare</span> <span class='ocrx_word' id='word_1_167' title='bbox 922 1506 1139 1560; x_wconf 78' lang='lat' dir='ltr'>volumus,</span> <span class='ocrx_word' id='word_1_168' title='bbox 1178 1506 1252 1547; x_wconf 87' lang='lat' dir='ltr'>sed</span> <span class='ocrx_word' id='word_1_169' title='bbox 1282 1506 1328 1547; x_wconf 94' lang='lat' dir='ltr'>in</span> <span class='ocrx_word' id='word_1_170' title='bbox 1358 1520 1452 1561; x_wconf 89' lang='lat' dir='ltr'>per-</span> 
     </span>
     <span class='ocr_line' id='line_1_28' title="bbox 98 1565 1451 1621; baseline -0.003 -12"><span class='ocrx_word' id='word_1_171' title='bbox 98 1570 277 1621; x_wconf 90' lang='lat' dir='ltr'>petuum</span> <span class='ocrx_word' id='word_1_172' title='bbox 316 1567 369 1609; x_wconf 86' lang='lat' dir='ltr'>ab</span> <span class='ocrx_word' id='word_1_173' title='bbox 409 1567 500 1608; x_wconf 90' lang='lat' dir='ltr'>eius</span> <span class='ocrx_word' id='word_1_174' title='bbox 539 1566 731 1608; x_wconf 89' lang='lat' dir='ltr'>amicitia</span> <span class='ocrx_word' id='word_1_175' title='bbox 769 1568 812 1606; x_wconf 89' lang='lat' dir='ltr'>et</span> <span class='ocrx_word' id='word_1_176' title='bbox 850 1579 994 1606; x_wconf 86' lang='lat' dir='ltr'>amore</span> <span class='ocrx_word' id='word_1_177' title='bbox 1032 1565 1232 1606; x_wconf 90' lang='lat' dir='ltr'>nolumus</span> <span class='ocrx_word' id='word_1_178' title='bbox 1273 1567 1451 1619; x_wconf 90' lang='lat' dir='ltr'>propter</span> 
     </span>
     <span class='ocr_line' id='line_1_29' title="bbox 100 1622 1450 1681; baseline -0.002 -14"><span class='ocrx_word' id='word_1_179' title='bbox 100 1640 410 1681; x_wconf 89' lang='lat' dir='ltr'>quamcumque</span> <span class='ocrx_word' id='word_1_180' title='bbox 448 1640 540 1666; x_wconf 89' lang='lat' dir='ltr'>rem</span> <span class='ocrx_word' id='word_1_181' title='bbox 578 1625 726 1666; x_wconf 87' lang='lat' dir='ltr'>mundi</span> <span class='ocrx_word' id='word_1_182' title='bbox 765 1624 967 1678; x_wconf 87' lang='lat' dir='ltr'>separari.</span> <span class='ocrx_word' id='word_1_183' title='bbox 1023 1623 1082 1664; x_wconf 73' lang='lat' dir='ltr'>Et</span> <span class='ocrx_word' id='word_1_184' title='bbox 1115 1637 1165 1664; x_wconf 84' lang='lat' dir='ltr'>ex</span> <span class='ocrx_word' id='word_1_185' title='bbox 1197 1637 1310 1664; x_wconf 90' lang='lat' dir='ltr'>nunc</span> <span class='ocrx_word' id='word_1_186' title='bbox 1343 1622 1450 1665; x_wconf 83' lang='lat' dir='ltr'>Con-</span> 
     </span>
     <span class='ocr_line' id='line_1_30' title="bbox 101 1681 1452 1726; baseline -0.003 0"><span class='ocrx_word' id='word_1_187' title='bbox 101 1685 339 1726; x_wconf 87' lang='lat' dir='ltr'>stantinum</span> <span class='ocrx_word' id='word_1_188' title='bbox 366 1685 457 1725; x_wconf 88' lang='lat' dir='ltr'>eius</span> <span class='ocrx_word' id='word_1_189' title='bbox 489 1684 629 1725; x_wconf 89' lang='lat' dir='ltr'>filium</span> <span class='ocrx_word' id='word_1_190' title='bbox 654 1685 853 1724; x_wconf 90' lang='lat' dir='ltr'>nostrum</span> <span class='ocrx_word' id='word_1_191' title='bbox 884 1681 1085 1723; x_wconf 84' lang='lat' dir='ltr'>heredem</span> <span class='ocrx_word' id='word_1_192' title='bbox 1112 1682 1382 1723; x_wconf 88' lang='lat' dir='ltr'>instituimus</span> <span class='ocrx_word' id='word_1_193' title='bbox 1409 1684 1452 1723; x_wconf 89' lang='lat' dir='ltr'>et</span> 
     </span>
     <span class='ocr_line' id='line_1_31' title="bbox 100 1739 1222 1797; baseline -0.004 -12"><span class='ocrx_word' id='word_1_194' title='bbox 100 1743 146 1784; x_wconf 92' lang='lat' dir='ltr'>in</span> <span class='ocrx_word' id='word_1_195' title='bbox 179 1743 442 1785; x_wconf 86' lang='lat' dir='ltr'>Graecorum</span> <span class='ocrx_word' id='word_1_196' title='bbox 474 1743 656 1797; x_wconf 90' lang='lat' dir='ltr'>imperio</span> <span class='ocrx_word' id='word_1_197' title='bbox 689 1742 869 1783; x_wconf 87' lang='lat' dir='ltr'>facimus</span> <span class='ocrx_word' id='word_1_198' title='bbox 904 1739 1222 1782; x_wconf 82' lang='lat' dir='ltr'>successorem&#39;.</span> 
     </span>
    </p>

    <p class='ocr_par' dir='ltr' id='par_1_7' title="bbox 98 1797 1453 2092">
     <span class='ocr_line' id='line_1_32' title="bbox 218 1797 1450 1852; baseline -0.004 -8"><span class='ocrx_word' id='word_1_199' title='bbox 218 1802 310 1852; x_wconf 82' lang='lat' dir='ltr'>Quo</span> <span class='ocrx_word' id='word_1_200' title='bbox 344 1802 492 1843; x_wconf 88' lang='lat' dir='ltr'>audito</span> <span class='ocrx_word' id='word_1_201' title='bbox 525 1804 569 1843; x_wconf 89' lang='lat' dir='ltr'>et</span> <span class='ocrx_word' id='word_1_202' title='bbox 598 1802 716 1843; x_wconf 86' lang='lat' dir='ltr'>facto</span> <span class='ocrx_word' id='word_1_203' title='bbox 750 1801 1064 1842; x_wconf 89' lang='lat' dir='ltr'>ambasiatores</span> <span class='ocrx_word' id='word_1_204' title='bbox 1098 1797 1342 1841; x_wconf 85' lang='lat' dir='ltr'>Constantii</span> <span class='ocrx_word' id='word_1_205' title='bbox 1373 1799 1450 1840; x_wconf 89' lang='lat' dir='ltr'>im-</span> 
     </span>
     <span class='ocr_line' id='line_1_33' title="bbox 98 1857 1449 1915; baseline -0.004 -12"><span class='ocrx_word' id='word_1_206' title='bbox 98 1861 312 1915; x_wconf 88' lang='lat' dir='ltr'>peratoris</span> <span class='ocrx_word' id='word_1_207' title='bbox 345 1861 560 1902; x_wconf 83' lang='lat' dir='ltr'>dixerunt:</span> <span class='ocrx_word' id='word_1_208' title='bbox 605 1859 804 1902; x_wconf 69' lang='lat' dir='ltr'>eDomine</span> <span class='ocrx_word' id='word_1_209' title='bbox 836 1859 1093 1913; x_wconf 88' lang='lat' dir='ltr'>imperator,</span> <span class='ocrx_word' id='word_1_210' title='bbox 1124 1858 1294 1912; x_wconf 85' lang='lat' dir='ltr'>placeat</span> <span class='ocrx_word' id='word_1_211' title='bbox 1324 1857 1449 1899; x_wconf 87' lang='lat' dir='ltr'>vobis</span> 
     </span>
     <span class='ocr_line' id='line_1_34' title="bbox 98 1916 1448 1975; baseline -0.003 -14"><span class='ocrx_word' id='word_1_212' title='bbox 98 1921 266 1975; x_wconf 81' lang='lat' dir='ltr'>legatos</span> <span class='ocrx_word' id='word_1_213' title='bbox 305 1922 472 1961; x_wconf 87' lang='lat' dir='ltr'>vestros</span> <span class='ocrx_word' id='word_1_214' title='bbox 515 1922 558 1961; x_wconf 90' lang='lat' dir='ltr'>et</span> <span class='ocrx_word' id='word_1_215' title='bbox 588 1919 763 1961; x_wconf 89' lang='lat' dir='ltr'>nuntios</span> <span class='ocrx_word' id='word_1_216' title='bbox 795 1918 1020 1960; x_wconf 89' lang='lat' dir='ltr'>nobiscum</span> <span class='ocrx_word' id='word_1_217' title='bbox 1052 1916 1105 1958; x_wconf 86' lang='lat' dir='ltr'>ad</span> <span class='ocrx_word' id='word_1_218' title='bbox 1136 1916 1320 1957; x_wconf 83' lang='lat' dir='ltr'>Romam</span> <span class='ocrx_word' id='word_1_219' title='bbox 1352 1930 1448 1957; x_wconf 93' lang='lat' dir='ltr'>cum</span> 
     </span>
     <span class='ocr_line' id='line_1_35' title="bbox 98 1974 1453 2032; baseline -0.004 -12"><span class='ocrx_word' id='word_1_220' title='bbox 98 1979 224 2032; x_wconf 89' lang='lat' dir='ltr'>pleno</span> <span class='ocrx_word' id='word_1_221' title='bbox 263 1978 466 2020; x_wconf 88' lang='lat' dir='ltr'>mandato</span> <span class='ocrx_word' id='word_1_222' title='bbox 506 1978 679 2019; x_wconf 87' lang='lat' dir='ltr'>mittere</span> <span class='ocrx_word' id='word_1_223' title='bbox 723 1977 775 2019; x_wconf 86' lang='lat' dir='ltr'>ad</span> <span class='ocrx_word' id='word_1_224' title='bbox 813 1976 959 2018; x_wconf 88' lang='lat' dir='ltr'>omnia</span> <span class='ocrx_word' id='word_1_225' title='bbox 995 1976 1079 2016; x_wconf 87' lang='lat' dir='ltr'>ista</span> <span class='ocrx_word' id='word_1_226' title='bbox 1116 1974 1377 2028; x_wconf 87' lang='lat' dir='ltr'>perficienda</span> <span class='ocrx_word' id='word_1_227' title='bbox 1410 1977 1453 2016; x_wconf 81' lang='lat' dir='ltr'>et</span> 
     </span>
     <span class='ocr_line' id='line_1_36' title="bbox 100 2032 1452 2092; baseline -0.003 -14"><span class='ocrx_word' id='word_1_228' title='bbox 100 2036 151 2078; x_wconf 88' lang='lat' dir='ltr'>ad</span> <span class='ocrx_word' id='word_1_229' title='bbox 178 2037 469 2092; x_wconf 89' lang='lat' dir='ltr'>recipiendum</span> <span class='ocrx_word' id='word_1_230' title='bbox 495 2037 576 2078; x_wconf 93' lang='lat' dir='ltr'>hoc</span> <span class='ocrx_word' id='word_1_231' title='bbox 601 2037 714 2077; x_wconf 87' lang='lat' dir='ltr'>idem</span> <span class='ocrx_word' id='word_1_232' title='bbox 735 2051 760 2077; x_wconf 90' lang='lat' dir='ltr'>a</span> <span class='ocrx_word' id='word_1_233' title='bbox 781 2035 954 2077; x_wconf 83' lang='lat' dir='ltr'>domino</span> <span class='ocrx_word' id='word_1_234' title='bbox 981 2036 1128 2075; x_wconf 84' lang='lat' dir='ltr'>nostro</span> <span class='ocrx_word' id='word_1_235' title='bbox 1155 2032 1452 2075; x_wconf 85' lang='lat' dir='ltr'>Romanorum</span> 
     </span>
    </p>
   </div>
   <div class='ocr_carea' id='block_1_6' title="bbox 100 2136 1454 2276">
    <p class='ocr_par' dir='ltr' id='par_1_8' title="bbox 100 2136 1454 2276">
     <span class='ocr_line' id='line_1_37' title="bbox 197 2136 1451 2185; baseline -0.004 -10"><span class='ocrx_word' id='word_1_236' title='bbox 197 2145 213 2175; x_wconf 91' lang='lat'>1</span> <span class='ocrx_word' id='word_1_237' title='bbox 241 2139 315 2174; x_wconf 87' lang='lat' dir='ltr'>hiis</span> <span class='ocrx_word' id='word_1_238' title='bbox 342 2142 442 2176; x_wconf 80' lang='lat' dir='ltr'>codd.</span> <span class='ocrx_word' id='word_1_239' title='bbox 562 2144 582 2175; x_wconf 82' lang='lat'><strong>2</strong></span> <span class='ocrx_word' id='word_1_240' title='bbox 609 2139 858 2185; x_wconf 85' lang='lat' dir='ltr'>proruperunt</span> <span class='ocrx_word' id='word_1_241' title='bbox 884 2138 937 2181; x_wconf 88' lang='lat' dir='ltr'>F,</span> <span class='ocrx_word' id='word_1_242' title='bbox 963 2137 1258 2182; x_wconf 84' lang='lat' dir='ltr'>prorupeverunt</span> <span class='ocrx_word' id='word_1_243' title='bbox 1282 2136 1331 2172; x_wconf 89' lang='lat' dir='ltr'>D.</span> <span class='ocrx_word' id='word_1_244' title='bbox 1430 2139 1451 2170; x_wconf 84' lang='lat'>5</span> 
     </span>
     <span class='ocr_line' id='line_1_38' title="bbox 100 2183 1454 2235; baseline -0.004 -13"><span class='ocrx_word' id='word_1_245' title='bbox 100 2186 249 2222; x_wconf 87' lang='lat' dir='ltr'>nunccii</span> <span class='ocrx_word' id='word_1_246' title='bbox 275 2188 374 2222; x_wconf 82' lang='lat' dir='ltr'>codd.</span> <span class='ocrx_word' id='word_1_247' title='bbox 475 2187 525 2222; x_wconf 90' lang='lat' dir='ltr'>eis</span> <span class='ocrx_word' id='word_1_248' title='bbox 550 2188 607 2230; x_wconf 85' lang='lat' dir='ltr'>D,</span> <span class='ocrx_word' id='word_1_249' title='bbox 633 2186 709 2221; x_wconf 90' lang='lat' dir='ltr'>illis</span> <span class='ocrx_word' id='word_1_250' title='bbox 737 2186 783 2220; x_wconf 82' lang='lat' dir='ltr'>F.</span> <span class='ocrx_word' id='word_1_251' title='bbox 895 2189 915 2220; x_wconf 84' lang='lat'>9</span> <span class='ocrx_word' id='word_1_252' title='bbox 944 2185 1023 2220; x_wconf 86' lang='lat' dir='ltr'>fore</span> <span class='ocrx_word' id='word_1_253' title='bbox 1049 2196 1114 2220; x_wconf 82' lang='lat' dir='ltr'>om.</span> <span class='ocrx_word' id='word_1_254' title='bbox 1143 2184 1189 2219; x_wconf 82' lang='lat' dir='ltr'>F.</span> <span class='ocrx_word' id='word_1_255' title='bbox 1303 2183 1454 2235; x_wconf 27' lang='lat' dir='ltr'>12tvolt</span> 
     </span>
     <span class='ocr_line' id='line_1_39' title="bbox 102 2233 1453 2276; baseline -0.004 -6"><span class='ocrx_word' id='word_1_256' title='bbox 102 2235 202 2270; x_wconf 82' lang='lat' dir='ltr'>codd.</span> <span class='ocrx_word' id='word_1_257' title='bbox 291 2238 334 2269; x_wconf 87' lang='lat'>14</span> <span class='ocrx_word' id='word_1_258' title='bbox 356 2244 571 2268; x_wconf 86' lang='lat' dir='ltr'>consumare</span> <span class='ocrx_word' id='word_1_259' title='bbox 592 2235 706 2276; x_wconf 74' lang='lat' dir='ltr'>codd,</span> <span class='ocrx_word' id='word_1_260' title='bbox 727 2243 980 2267; x_wconf 85' lang='lat' dir='ltr'>consummare</span> <span class='ocrx_word' id='word_1_261' title='bbox 1001 2233 1150 2266; x_wconf 71' lang='lat' dir='ltr'>correxi.</span> <span class='ocrx_word' id='word_1_262' title='bbox 1240 2235 1283 2266; x_wconf 81' lang='lat'>21</span> <span class='ocrx_word' id='word_1_263' title='bbox 1304 2240 1453 2264; x_wconf 81' lang='lat' dir='ltr'>unicam</span> 
     </span>
    </p>
   </div>
   <div class='ocr_carea' id='block_1_7' title="bbox 101 2279 1083 2326">
    <p class='ocr_par' dir='ltr' id='par_1_9' title="bbox 101 2279 1083 2326">
     <span class='ocr_line' id='line_1_40' title="bbox 101 2279 1083 2326; baseline -0.003 -10"><span class='ocrx_word' id='word_1_264' title='bbox 101 2291 166 2316; x_wconf 84' lang='lat' dir='ltr'>om.</span> <span class='ocrx_word' id='word_1_265' title='bbox 195 2281 242 2316; x_wconf 83' lang='lat' dir='ltr'>F.</span> <span class='ocrx_word' id='word_1_266' title='bbox 341 2285 384 2316; x_wconf 80' lang='lat'>29</span> <span class='ocrx_word' id='word_1_267' title='bbox 411 2281 538 2326; x_wconf 85' lang='lat' dir='ltr'>placet</span> <span class='ocrx_word' id='word_1_268' title='bbox 563 2282 609 2316; x_wconf 84' lang='lat' dir='ltr'>F.</span> <span class='ocrx_word' id='word_1_269' title='bbox 709 2285 753 2316; x_wconf 91' lang='lat'>30</span> <span class='ocrx_word' id='word_1_270' title='bbox 778 2279 955 2314; x_wconf 80' lang='lat' dir='ltr'>nunccios</span> <span class='ocrx_word' id='word_1_271' title='bbox 983 2280 1083 2314; x_wconf 80' lang='lat' dir='ltr'>codd.</span> 
     </span>
    </p>
   </div>
   <div class='ocr_carea' id='block_1_8' title="bbox 1469 756 1502 780">
    <p class='ocr_par' dir='ltr' id='par_1_10' title="bbox 1469 756 1502 780">
     <span class='ocr_line' id='line_1_41' title="bbox 1469 756 1502 780; baseline 0.03 -1"><span class='ocrx_word' id='word_1_272' title='bbox 1469 756 1502 780; x_wconf 89' lang='grc'>10</span> 
     </span>
    </p>
   </div>
   <div class='ocr_carea' id='block_1_9' title="bbox 1471 1047 1504 1073">
    <p class='ocr_par' dir='ltr' id='par_1_11' title="bbox 1471 1047 1504 1073">
     <span class='ocr_line' id='line_1_42' title="bbox 1471 1047 1504 1073; baseline 0.03 -1"><span class='ocrx_word' id='word_1_273' title='bbox 1471 1047 1504 1073; x_wconf 89' lang='grc'>15</span> 
     </span>
    </p>
   </div>
   <div class='ocr_carea' id='block_1_10' title="bbox 1471 1341 1506 1366">
    <p class='ocr_par' dir='ltr' id='par_1_12' title="bbox 1471 1341 1506 1366">
     <span class='ocr_line' id='line_1_43' title="bbox 1471 1341 1506 1366; baseline 0.029 -1"><span class='ocrx_word' id='word_1_274' title='bbox 1471 1341 1506 1366; x_wconf 81' lang='grc'>20</span> 
     </span>
    </p>
   </div>
   <div class='ocr_carea' id='block_1_11' title="bbox 1471 1631 1504 1658">
    <p class='ocr_par' dir='ltr' id='par_1_13' title="bbox 1471 1631 1504 1658">
     <span class='ocr_line' id='line_1_44' title="bbox 1471 1631 1504 1658; baseline 0.03 -1"><span class='ocrx_word' id='word_1_275' title='bbox 1471 1631 1504 1658; x_wconf 85' lang='grc'>25</span> 
     </span>
    </p>
   </div>
   <div class='ocr_carea' id='block_1_12' title="bbox 1470 1925 1505 1950">
    <p class='ocr_par' dir='ltr' id='par_1_14' title="bbox 1470 1925 1505 1950">
     <span class='ocr_line' id='line_1_45' title="bbox 1470 1925 1505 1950; baseline 0.029 -1"><span class='ocrx_word' id='word_1_276' title='bbox 1470 1925 1505 1950; x_wconf 87' lang='grc'>30</span> 
     </span>
    </p>
   </div>
  </div>
 </body>
</html>
