<?xml version="1.0" encoding="UTF-8"?>
<!DOCTYPE html PUBLIC "-//W3C//DTD XHTML 1.0 Transitional//EN"
    "http://www.w3.org/TR/xhtml1/DTD/xhtml1-transitional.dtd">
<html xmlns="http://www.w3.org/1999/xhtml" xml:lang="en" lang="en">
 <head>
  <title>
</title>
<meta http-equiv="Content-Type" content="text/html;charset=utf-8" />
  <meta name='ocr-system' content='tesseract 3.04.00' />
  <meta name='ocr-capabilities' content='ocr_page ocr_carea ocr_par ocr_line ocrx_word'/>
</head>
<body>
  <div class='ocr_page' id='page_1' title='image "./incertiauctorisd00consuoft_0009.png"; bbox 0 0 1583 2552; ppageno 0'>
   <div class='ocr_carea' id='block_1_1' title="bbox 73 685 1437 2337">
    <p class='ocr_par' dir='ltr' id='par_1_1' title="bbox 73 685 1437 1789">
     <span class='ocr_line' id='line_1_1' title="bbox 203 685 1437 741; baseline -0.002 -12"><span class='ocrx_word' id='word_1_1' title='bbox 203 686 248 730; x_wconf 83' lang='lat' dir='ltr'>Si</span> <span class='ocrx_word' id='word_1_2' title='bbox 267 687 511 729; x_wconf 87' lang='lat' dir='ltr'>litterarum</span> <span class='ocrx_word' id='word_1_3' title='bbox 532 686 808 741; x_wconf 88' lang='lat' dir='ltr'>antiquarum</span> <span class='ocrx_word' id='word_1_4' title='bbox 822 685 1013 741; x_wconf 78' lang='lat' dir='ltr'>cognitio</span> <span class='ocrx_word' id='word_1_5' title='bbox 1033 685 1153 727; x_wconf 90' lang='lat' dir='ltr'>nulla</span> <span class='ocrx_word' id='word_1_6' title='bbox 1173 685 1437 727; x_wconf 79' lang='lat' dir='ltr'>incrementa</span> 
     </span>
     <span class='ocr_line' id='line_1_2' title="bbox 82 744 1437 801; baseline -0.001 -13"><span class='ocrx_word' id='word_1_7' title='bbox 82 749 252 801; x_wconf 87' lang='lat' dir='ltr'>caperet</span> <span class='ocrx_word' id='word_1_8' title='bbox 281 746 367 788; x_wconf 90' lang='lat' dir='ltr'>nisi</span> <span class='ocrx_word' id='word_1_9' title='bbox 398 760 448 787; x_wconf 87' lang='lat' dir='ltr'>ex</span> <span class='ocrx_word' id='word_1_10' title='bbox 481 746 540 787; x_wconf 88' lang='lat' dir='ltr'>eis</span> <span class='ocrx_word' id='word_1_11' title='bbox 574 746 870 800; x_wconf 73' lang='lat' dir='ltr'><strong>scriptoribus,</strong></span> <span class='ocrx_word' id='word_1_12' title='bbox 903 745 976 800; x_wconf 89' lang='lat' dir='ltr'>qui</span> <span class='ocrx_word' id='word_1_13' title='bbox 1001 759 1099 786; x_wconf 87' lang='lat' dir='ltr'>raro</span> <span class='ocrx_word' id='word_1_14' title='bbox 1130 744 1359 786; x_wconf 81' lang='lat' dir='ltr'>admodum</span> <span class='ocrx_word' id='word_1_15' title='bbox 1393 749 1437 787; x_wconf 92' lang='lat' dir='ltr'>et</span> 
     </span>
     <span class='ocr_line' id='line_1_3' title="bbox 82 804 1435 860; baseline -0.001 -12"><span class='ocrx_word' id='word_1_16' title='bbox 82 806 252 860; x_wconf 89' lang='lat' dir='ltr'>magnis</span> <span class='ocrx_word' id='word_1_17' title='bbox 277 805 520 847; x_wconf 84' lang='lat' dir='ltr'>intervallis</span> <span class='ocrx_word' id='word_1_18' title='bbox 548 819 599 846; x_wconf 85' lang='lat' dir='ltr'>ex</span> <span class='ocrx_word' id='word_1_19' title='bbox 624 804 987 846; x_wconf 71' lang='lat' dir='ltr'>bibliothecarum</span> <span class='ocrx_word' id='word_1_20' title='bbox 1010 804 1200 845; x_wconf 84' lang='lat' dir='ltr'>tenebris</span> <span class='ocrx_word' id='word_1_21' title='bbox 1227 804 1273 845; x_wconf 93' lang='lat' dir='ltr'>in</span> <span class='ocrx_word' id='word_1_22' title='bbox 1297 805 1435 846; x_wconf 90' lang='lat' dir='ltr'>lucem</span> 
     </span>
     <span class='ocr_line' id='line_1_4' title="bbox 81 864 1435 919; baseline -0.002 -12"><span class='ocrx_word' id='word_1_23' title='bbox 81 865 374 919; x_wconf 88' lang='lat' dir='ltr'>proferantur,</span> <span class='ocrx_word' id='word_1_24' title='bbox 411 864 610 906; x_wconf 85' lang='lat' dir='ltr'>imminui</span> <span class='ocrx_word' id='word_1_25' title='bbox 649 867 798 906; x_wconf 87' lang='lat' dir='ltr'>contra</span> <span class='ocrx_word' id='word_1_26' title='bbox 835 864 1096 917; x_wconf 73' lang='lat' dir='ltr'>crederetur,</span> <span class='ocrx_word' id='word_1_27' title='bbox 1135 864 1435 918; x_wconf 87' lang='lat' dir='ltr'>quotienscun—</span> 
     </span>
     <span class='ocr_line' id='line_1_5' title="bbox 82 923 1434 978; baseline -0.001 -13"><span class='ocrx_word' id='word_1_28' title='bbox 82 939 162 978; x_wconf 89' lang='lat' dir='ltr'>que</span> <span class='ocrx_word' id='word_1_29' title='bbox 194 924 305 965; x_wconf 90' lang='lat' dir='ltr'>liber</span> <span class='ocrx_word' id='word_1_30' title='bbox 341 924 495 978; x_wconf 90' lang='lat' dir='ltr'>aliquis</span> <span class='ocrx_word' id='word_1_31' title='bbox 529 924 583 966; x_wconf 88' lang='lat' dir='ltr'>ab</span> <span class='ocrx_word' id='word_1_32' title='bbox 618 938 666 965; x_wconf 89' lang='lat' dir='ltr'>eo</span> <span class='ocrx_word' id='word_1_33' title='bbox 700 924 767 964; x_wconf 90' lang='lat' dir='ltr'>cui</span> <span class='ocrx_word' id='word_1_34' title='bbox 809 923 1054 964; x_wconf 83' lang='lat' dir='ltr'>adscribere</span> <span class='ocrx_word' id='word_1_35' title='bbox 1087 923 1434 964; x_wconf 84' lang='lat' dir='ltr'>consueverimus</span> 
     </span>
     <span class='ocr_line' id='line_1_6' title="bbox 81 982 1435 1037; baseline -0.001 -13"><span class='ocrx_word' id='word_1_36' title='bbox 81 982 247 1025; x_wconf 87' lang='lat' dir='ltr'>auctori</span> <span class='ocrx_word' id='word_1_37' title='bbox 277 982 557 1037; x_wconf 88' lang='lat' dir='ltr'>abiudicetur,</span> <span class='ocrx_word' id='word_1_38' title='bbox 583 983 817 1024; x_wconf 84' lang='lat' dir='ltr'>maximum</span> <span class='ocrx_word' id='word_1_39' title='bbox 842 982 1038 1024; x_wconf 89' lang='lat' dir='ltr'>futurum</span> <span class='ocrx_word' id='word_1_40' title='bbox 1065 996 1157 1024; x_wconf 89' lang='lat' dir='ltr'>esse</span> <span class='ocrx_word' id='word_1_41' title='bbox 1184 982 1435 1036; x_wconf 88' lang='lat' dir='ltr'>periculum,</span> 
     </span>
     <span class='ocr_line' id='line_1_7' title="bbox 77 1042 1433 1096; baseline -0.001 -13"><span class='ocrx_word' id='word_1_42' title='bbox 77 1055 131 1083; x_wconf 89' lang='lat' dir='ltr'>ne</span> <span class='ocrx_word' id='word_1_43' title='bbox 163 1043 337 1083; x_wconf 89' lang='lat' dir='ltr'>nostrae</span> <span class='ocrx_word' id='word_1_44' title='bbox 371 1042 524 1083; x_wconf 81' lang='lat' dir='ltr'>aetatis</span> <span class='ocrx_word' id='word_1_45' title='bbox 556 1042 770 1096; x_wconf 80' lang='lat' dir='ltr'>philologi</span> <span class='ocrx_word' id='word_1_46' title='bbox 803 1042 946 1096; x_wconf 85' lang='lat' dir='ltr'>potius</span> <span class='ocrx_word' id='word_1_47' title='bbox 973 1042 1274 1083; x_wconf 87' lang='lat' dir='ltr'>retrocessisse</span> <span class='ocrx_word' id='word_1_48' title='bbox 1307 1056 1433 1095; x_wconf 90' lang='lat' dir='ltr'>quam</span> 
     </span>
     <span class='ocr_line' id='line_1_8' title="bbox 78 1100 1434 1155; baseline 0 -14"><span class='ocrx_word' id='word_1_49' title='bbox 78 1101 245 1155; x_wconf 87' lang='lat' dir='ltr'>priores</span> <span class='ocrx_word' id='word_1_50' title='bbox 279 1115 503 1155; x_wconf 86' lang='lat' dir='ltr'>superasse</span> <span class='ocrx_word' id='word_1_51' title='bbox 536 1101 781 1142; x_wconf 85' lang='lat' dir='ltr'>viderentur</span> <span class='ocrx_word' id='word_1_52' title='bbox 812 1100 1050 1142; x_wconf 73' lang='lat' dir='ltr'>rectissime</span> <span class='ocrx_word' id='word_1_53' title='bbox 1091 1100 1298 1154; x_wconf 87' lang='lat' dir='ltr'>scriptum</span> <span class='ocrx_word' id='word_1_54' title='bbox 1331 1101 1434 1155; x_wconf 87' lang='lat' dir='ltr'>legi-</span> 
     </span>
     <span class='ocr_line' id='line_1_9' title="bbox 78 1159 1435 1214; baseline -0.001 -13"><span class='ocrx_word' id='word_1_55' title='bbox 78 1174 173 1201; x_wconf 88' lang='lat' dir='ltr'>mus</span> <span class='ocrx_word' id='word_1_56' title='bbox 194 1159 241 1201; x_wconf 90' lang='lat' dir='ltr'>in</span> <span class='ocrx_word' id='word_1_57' title='bbox 260 1160 417 1201; x_wconf 81' lang='lat' dir='ltr'>eximia</span> <span class='ocrx_word' id='word_1_58' title='bbox 438 1159 716 1213; x_wconf 67' lang='lat' dir='ltr'>Wolfflini,</span> <span class='ocrx_word' id='word_1_59' title='bbox 737 1160 819 1201; x_wconf 88' lang='lat' dir='ltr'>viri</span> <span class='ocrx_word' id='word_1_60' title='bbox 840 1159 1094 1214; x_wconf 73' lang='lat' dir='ltr'>doctissimi,</span> <span class='ocrx_word' id='word_1_61' title='bbox 1119 1159 1435 1211; x_wconf 82' lang='lat' dir='ltr'>dissertatione,</span> 
     </span>
     <span class='ocr_line' id='line_1_10' title="bbox 77 1217 1433 1273; baseline 0.001 -14"><span class='ocrx_word' id='word_1_62' title='bbox 77 1233 188 1273; x_wconf 86' lang='lat' dir='ltr'>quae</span> <span class='ocrx_word' id='word_1_63' title='bbox 220 1221 286 1260; x_wconf 87' lang='lat' dir='ltr'>est</span> <span class='ocrx_word' id='word_1_64' title='bbox 318 1219 368 1261; x_wconf 83' lang='lat' dir='ltr'>de</span> <span class='ocrx_word' id='word_1_65' title='bbox 399 1219 446 1261; x_wconf 89' lang='lat' dir='ltr'>L.</span> <span class='ocrx_word' id='word_1_66' title='bbox 478 1218 648 1260; x_wconf 89' lang='lat' dir='ltr'>Annaei</span> <span class='ocrx_word' id='word_1_67' title='bbox 681 1217 866 1260; x_wconf 77' lang='lat' dir='ltr'>Senecae</span> <span class='ocrx_word' id='word_1_68' title='bbox 898 1218 1087 1260; x_wconf 89' lang='lat' dir='ltr'>monitis.</span> <span class='ocrx_word' id='word_1_69' title='bbox 1146 1218 1287 1267; x_wconf 85' lang='lat' dir='ltr'>Quare</span> <span class='ocrx_word' id='word_1_70' title='bbox 1319 1219 1433 1260; x_wconf 86' lang='lat' dir='ltr'>haud</span> 
     </span>
     <span class='ocr_line' id='line_1_11' title="bbox 78 1277 1434 1332; baseline 0.001 -14"><span class='ocrx_word' id='word_1_71' title='bbox 78 1278 290 1319; x_wconf 86' lang='lat' dir='ltr'>absonum</span> <span class='ocrx_word' id='word_1_72' title='bbox 332 1278 438 1319; x_wconf 82' lang='lat' dir='ltr'>mihi</span> <span class='ocrx_word' id='word_1_73' title='bbox 483 1278 623 1320; x_wconf 87' lang='lat' dir='ltr'>visum</span> <span class='ocrx_word' id='word_1_74' title='bbox 663 1280 728 1319; x_wconf 86' lang='lat' dir='ltr'>est</span> <span class='ocrx_word' id='word_1_75' title='bbox 773 1278 1049 1332; x_wconf 84' lang='lat' dir='ltr'>antiquit-atis</span> <span class='ocrx_word' id='word_1_76' title='bbox 1089 1277 1231 1319; x_wconf 87' lang='lat' dir='ltr'>studia</span> <span class='ocrx_word' id='word_1_77' title='bbox 1273 1278 1434 1319; x_wconf 89' lang='lat' dir='ltr'>librum</span> 
     </span>
     <span class='ocr_line' id='line_1_12' title="bbox 78 1336 1434 1391; baseline 0 -13"><span class='ocrx_word' id='word_1_78' title='bbox 78 1336 291 1391; x_wconf 88' lang='lat' dir='ltr'>quendam</span> <span class='ocrx_word' id='word_1_79' title='bbox 324 1336 541 1378; x_wconf 82' lang='lat' dir='ltr'>oblivione</span> <span class='ocrx_word' id='word_1_80' title='bbox 580 1351 757 1391; x_wconf 90' lang='lat' dir='ltr'>prorsus</span> <span class='ocrx_word' id='word_1_81' title='bbox 797 1337 998 1378; x_wconf 87' lang='lat' dir='ltr'>obrutum</span> <span class='ocrx_word' id='word_1_82' title='bbox 1034 1337 1193 1378; x_wconf 89' lang='lat' dir='ltr'>edendo</span> <span class='ocrx_word' id='word_1_83' title='bbox 1226 1351 1303 1391; x_wconf 91' lang='lat' dir='ltr'>pro</span> <span class='ocrx_word' id='word_1_84' title='bbox 1337 1351 1434 1378; x_wconf 86' lang='lat' dir='ltr'>mea</span> 
     </span>
     <span class='ocr_line' id='line_1_13' title="bbox 76 1396 1433 1451; baseline 0.001 -15"><span class='ocrx_word' id='word_1_85' title='bbox 76 1398 199 1449; x_wconf 86' lang='lat' dir='ltr'>parte</span> <span class='ocrx_word' id='word_1_86' title='bbox 219 1401 486 1449; x_wconf 82' lang='lat' dir='ltr'>promovere,</span> <span class='ocrx_word' id='word_1_87' title='bbox 512 1411 638 1450; x_wconf 88' lang='lat' dir='ltr'>quem</span> <span class='ocrx_word' id='word_1_88' title='bbox 662 1396 699 1437; x_wconf 89' lang='lat' dir='ltr'>si</span> <span class='ocrx_word' id='word_1_89' title='bbox 725 1396 798 1451; x_wconf 92' lang='lat' dir='ltr'>qui</span> <span class='ocrx_word' id='word_1_90' title='bbox 824 1399 1001 1451; x_wconf 88' lang='lat' dir='ltr'>propter</span> <span class='ocrx_word' id='word_1_91' title='bbox 1029 1396 1197 1438; x_wconf 84' lang='lat' dir='ltr'>dicendi</span> <span class='ocrx_word' id='word_1_92' title='bbox 1221 1396 1433 1438; x_wconf 84' lang='lat' dir='ltr'>rationem</span> 
     </span>
     <span class='ocr_line' id='line_1_14' title="bbox 76 1454 1434 1509; baseline 0.001 -14"><span class='ocrx_word' id='word_1_93' title='bbox 76 1454 129 1496; x_wconf 87' lang='lat' dir='ltr'>ab</span> <span class='ocrx_word' id='word_1_94' title='bbox 175 1455 351 1508; x_wconf 87' lang='lat' dir='ltr'>optimis</span> <span class='ocrx_word' id='word_1_95' title='bbox 391 1454 676 1509; x_wconf 83' lang='lat' dir='ltr'>scriptoribus</span> <span class='ocrx_word' id='word_1_96' title='bbox 718 1458 929 1496; x_wconf 89' lang='lat' dir='ltr'>remotam</span> <span class='ocrx_word' id='word_1_97' title='bbox 974 1455 1097 1509; x_wconf 88' lang='lat' dir='ltr'>parvi</span> <span class='ocrx_word' id='word_1_98' title='bbox 1142 1455 1434 1497; x_wconf 89' lang='lat' dir='ltr'>aestimabunt</span> 
     </span>
     <span class='ocr_line' id='line_1_15' title="bbox 77 1513 1434 1568; baseline 0.001 -14"><span class='ocrx_word' id='word_1_99' title='bbox 77 1527 202 1566; x_wconf 88' lang='lat' dir='ltr'>spero</span> <span class='ocrx_word' id='word_1_100' title='bbox 235 1513 430 1555; x_wconf 75' lang='lat' dir='ltr'>futurum</span> <span class='ocrx_word' id='word_1_101' title='bbox 462 1528 554 1555; x_wconf 87' lang='lat' dir='ltr'>esse</span> <span class='ocrx_word' id='word_1_102' title='bbox 586 1514 738 1555; x_wconf 89' lang='lat' dir='ltr'>utilem</span> <span class='ocrx_word' id='word_1_103' title='bbox 772 1517 814 1555; x_wconf 89' lang='lat' dir='ltr'>et</span> <span class='ocrx_word' id='word_1_104' title='bbox 846 1514 898 1555; x_wconf 91' lang='lat' dir='ltr'>ad</span> <span class='ocrx_word' id='word_1_105' title='bbox 931 1514 1103 1556; x_wconf 88' lang='lat' dir='ltr'>litteras</span> <span class='ocrx_word' id='word_1_106' title='bbox 1131 1515 1332 1568; x_wconf 89' lang='lat' dir='ltr'>antiquas</span> <span class='ocrx_word' id='word_1_107' title='bbox 1367 1529 1434 1556; x_wconf 85' lang='lat' dir='ltr'>ac—</span> 
     </span>
     <span class='ocr_line' id='line_1_16' title="bbox 76 1572 1432 1627; baseline 0.001 -15"><span class='ocrx_word' id='word_1_108' title='bbox 76 1572 264 1614; x_wconf 84' lang='lat' dir='ltr'>curatius</span> <span class='ocrx_word' id='word_1_109' title='bbox 298 1587 428 1627; x_wconf 86' lang='lat' dir='ltr'>quam</span> <span class='ocrx_word' id='word_1_110' title='bbox 461 1572 599 1614; x_wconf 88' lang='lat' dir='ltr'>adhuc</span> <span class='ocrx_word' id='word_1_111' title='bbox 632 1573 725 1614; x_wconf 86' lang='lat' dir='ltr'>fieri</span> <span class='ocrx_word' id='word_1_112' title='bbox 762 1574 905 1627; x_wconf 89' lang='lat' dir='ltr'>potuit</span> <span class='ocrx_word' id='word_1_113' title='bbox 937 1573 1270 1627; x_wconf 89' lang='lat' dir='ltr'>perscrutandas</span> <span class='ocrx_word' id='word_1_114' title='bbox 1304 1576 1347 1615; x_wconf 89' lang='lat' dir='ltr'>et</span> <span class='ocrx_word' id='word_1_115' title='bbox 1380 1573 1432 1614; x_wconf 94' lang='lat' dir='ltr'>ad</span> 
     </span>
     <span class='ocr_line' id='line_1_17' title="bbox 73 1629 1432 1687; baseline 0.001 -15"><span class='ocrx_word' id='word_1_116' title='bbox 73 1629 244 1672; x_wconf 82' lang='lat' dir='ltr'>fabulas</span> <span class='ocrx_word' id='word_1_117' title='bbox 294 1631 448 1673; x_wconf 86' lang='lat' dir='ltr'>melius</span> <span class='ocrx_word' id='word_1_118' title='bbox 500 1631 829 1686; x_wconf 86' lang='lat' dir='ltr'>intellegendas,</span> <span class='ocrx_word' id='word_1_119' title='bbox 881 1647 987 1687; x_wconf 85' lang='lat' dir='ltr'>quas</span> <span class='ocrx_word' id='word_1_120' title='bbox 1040 1632 1091 1674; x_wconf 92' lang='lat' dir='ltr'>de</span> <span class='ocrx_word' id='word_1_121' title='bbox 1143 1630 1432 1674; x_wconf 84' lang='lat' dir='ltr'>Constantino</span> 
     </span>
     <span class='ocr_line' id='line_1_18' title="bbox 74 1687 1434 1747; baseline 0.003 -18"><span class='ocrx_word' id='word_1_122' title='bbox 74 1687 236 1743; x_wconf 85' lang='lat' dir='ltr'>Magno</span> <span class='ocrx_word' id='word_1_123' title='bbox 274 1690 450 1744; x_wconf 87' lang='lat' dir='ltr'>eiusque</span> <span class='ocrx_word' id='word_1_124' title='bbox 489 1693 626 1733; x_wconf 90' lang='lat' dir='ltr'>matre</span> <span class='ocrx_word' id='word_1_125' title='bbox 664 1692 822 1733; x_wconf 85' lang='lat' dir='ltr'>iterum</span> <span class='ocrx_word' id='word_1_126' title='bbox 853 1691 1094 1746; x_wconf 87' lang='lat' dir='ltr'>iterumque</span> <span class='ocrx_word' id='word_1_127' title='bbox 1128 1692 1434 1747; x_wconf 76' lang='lat' dir='ltr'>excogitabant</span> 
     </span>
     <span class='ocr_line' id='line_1_19' title="bbox 74 1762 222 1789; baseline 0.007 -1"><span class='ocrx_word' id='word_1_128' title='bbox 74 1762 222 1789; x_wconf 86' lang='lat' dir='ltr'>novas.</span> 
     </span>
    </p>

    <p class='ocr_par' dir='ltr' id='par_1_2' title="bbox 74 1806 1434 2337">
     <span class='ocr_line' id='line_1_20' title="bbox 194 1806 1432 1864; baseline 0.002 -16"><span class='ocrx_word' id='word_1_129' title='bbox 194 1806 308 1848; x_wconf 88' lang='lat' dir='ltr'>Nam</span> <span class='ocrx_word' id='word_1_130' title='bbox 345 1810 394 1848; x_wconf 90' lang='lat' dir='ltr'>ut</span> <span class='ocrx_word' id='word_1_131' title='bbox 431 1810 572 1850; x_wconf 89' lang='lat' dir='ltr'>cetera</span> <span class='ocrx_word' id='word_1_132' title='bbox 604 1809 819 1863; x_wconf 87' lang='lat' dir='ltr'>omittam,</span> <span class='ocrx_word' id='word_1_133' title='bbox 858 1824 925 1863; x_wconf 88' lang='lat' dir='ltr'>ea,</span> <span class='ocrx_word' id='word_1_134' title='bbox 963 1824 1070 1864; x_wconf 90' lang='lat' dir='ltr'>quae</span> <span class='ocrx_word' id='word_1_135' title='bbox 1104 1808 1255 1851; x_wconf 85' lang='lat' dir='ltr'>Suidas</span> <span class='ocrx_word' id='word_1_136' title='bbox 1289 1808 1361 1864; x_wconf 90' lang='lat' dir='ltr'>(II,</span> <span class='ocrx_word' id='word_1_137' title='bbox 1393 1824 1432 1863; x_wconf 89' lang='lat' dir='ltr'>p.</span> 
     </span>
     <span class='ocr_line' id='line_1_21' title="bbox 76 1865 1432 1923; baseline 0.003 -17"><span class='ocrx_word' id='word_1_138' title='bbox 76 1865 163 1907; x_wconf 81' lang='lat'>382</span> <span class='ocrx_word' id='word_1_139' title='bbox 202 1865 266 1907; x_wconf 88' lang='lat' dir='ltr'>ed.</span> <span class='ocrx_word' id='word_1_140' title='bbox 303 1865 574 1920; x_wconf 80' lang='lat' dir='ltr'>Bernhardy)</span> <span class='ocrx_word' id='word_1_141' title='bbox 614 1867 664 1909; x_wconf 91' lang='lat' dir='ltr'>de</span> <span class='ocrx_word' id='word_1_142' title='bbox 709 1868 951 1910; x_wconf 86' lang='lat' dir='ltr'>rationibus</span> <span class='ocrx_word' id='word_1_143' title='bbox 997 1868 1256 1923; x_wconf 88' lang='lat' dir='ltr'>quibusdam</span> <span class='ocrx_word' id='word_1_144' title='bbox 1306 1868 1432 1910; x_wconf 85' lang='lat' dir='ltr'>nobis</span> 
     </span>
     <span class='ocr_line' id='line_1_22' title="bbox 75 1924 1433 1980; baseline 0.003 -16"><span class='ocrx_word' id='word_1_145' title='bbox 75 1924 272 1979; x_wconf 89' lang='lat' dir='ltr'>tradidit,</span> <span class='ocrx_word' id='word_1_146' title='bbox 322 1925 476 1980; x_wconf 91' lang='lat' dir='ltr'>quibus</span> <span class='ocrx_word' id='word_1_147' title='bbox 530 1925 811 1968; x_wconf 83' lang='lat' dir='ltr'>Constantius</span> <span class='ocrx_word' id='word_1_148' title='bbox 866 1926 1047 1969; x_wconf 82' lang='lat' dir='ltr'>Chlorus</span> <span class='ocrx_word' id='word_1_149' title='bbox 1098 1926 1433 1970; x_wconf 83' lang='lat' dir='ltr'>Constantinum</span> 
     </span>
     <span class='ocr_line' id='line_1_23' title="bbox 74 1982 1434 2041; baseline 0.004 -18"><span class='ocrx_word' id='word_1_150' title='bbox 74 1982 213 2024; x_wconf 90' lang='lat' dir='ltr'>filium</span> <span class='ocrx_word' id='word_1_151' title='bbox 240 1998 363 2025; x_wconf 90' lang='lat' dir='ltr'>suum</span> <span class='ocrx_word' id='word_1_152' title='bbox 390 1986 644 2039; x_wconf 85' lang='lat' dir='ltr'>cognovisse</span> <span class='ocrx_word' id='word_1_153' title='bbox 671 1986 838 2036; x_wconf 87' lang='lat' dir='ltr'>dicitur,</span> <span class='ocrx_word' id='word_1_154' title='bbox 868 2001 918 2028; x_wconf 86' lang='lat' dir='ltr'>ex</span> <span class='ocrx_word' id='word_1_155' title='bbox 945 1987 1005 2028; x_wconf 89' lang='lat' dir='ltr'>eis</span> <span class='ocrx_word' id='word_1_156' title='bbox 1032 1987 1169 2041; x_wconf 86' lang='lat' dir='ltr'>libris,</span> <span class='ocrx_word' id='word_1_157' title='bbox 1195 1987 1269 2041; x_wconf 90' lang='lat' dir='ltr'>qui</span> <span class='ocrx_word' id='word_1_158' title='bbox 1295 1986 1434 2028; x_wconf 87' lang='lat' dir='ltr'>adhuc</span> 
     </span>
     <span class='ocr_line' id='line_1_24' title="bbox 77 2041 1433 2100; baseline 0.004 -19"><span class='ocrx_word' id='word_1_159' title='bbox 77 2041 128 2082; x_wconf 89' lang='lat' dir='ltr'>de</span> <span class='ocrx_word' id='word_1_160' title='bbox 167 2041 235 2084; x_wconf 92' lang='lat' dir='ltr'>his</span> <span class='ocrx_word' id='word_1_161' title='bbox 275 2043 378 2084; x_wconf 84' lang='lat' dir='ltr'>viris</span> <span class='ocrx_word' id='word_1_162' title='bbox 419 2044 583 2098; x_wconf 90' lang='lat' dir='ltr'>publici</span> <span class='ocrx_word' id='word_1_163' title='bbox 623 2045 727 2086; x_wconf 88' lang='lat' dir='ltr'>iuris</span> <span class='ocrx_word' id='word_1_164' title='bbox 766 2045 872 2086; x_wconf 86' lang='lat' dir='ltr'>facti</span> <span class='ocrx_word' id='word_1_165' title='bbox 910 2048 1028 2099; x_wconf 91' lang='lat' dir='ltr'>sunt,</span> <span class='ocrx_word' id='word_1_166' title='bbox 1066 2046 1264 2099; x_wconf 88' lang='lat' dir='ltr'>intellegi</span> <span class='ocrx_word' id='word_1_167' title='bbox 1303 2045 1433 2100; x_wconf 88' lang='lat' dir='ltr'>plane</span> 
     </span>
     <span class='ocr_line' id='line_1_25' title="bbox 74 2102 1434 2159; baseline 0.004 -19"><span class='ocrx_word' id='word_1_168' title='bbox 74 2113 162 2141; x_wconf 87' lang='lat' dir='ltr'>non</span> <span class='ocrx_word' id='word_1_169' title='bbox 211 2103 422 2154; x_wconf 85' lang='lat' dir='ltr'>poterant.</span> <span class='ocrx_word' id='word_1_170' title='bbox 489 2102 615 2145; x_wconf 90' lang='lat' dir='ltr'>Nunc</span> <span class='ocrx_word' id='word_1_171' title='bbox 658 2118 757 2145; x_wconf 87' lang='lat' dir='ltr'>vero</span> <span class='ocrx_word' id='word_1_172' title='bbox 808 2104 915 2145; x_wconf 90' lang='lat' dir='ltr'>illud</span> <span class='ocrx_word' id='word_1_173' title='bbox 960 2103 1115 2146; x_wconf 81' lang='lat' dir='ltr'>Suidae</span> <span class='ocrx_word' id='word_1_174' title='bbox 1165 2103 1434 2159; x_wconf 76' lang='grc' dir='ltr'><em>γνωρισθεὶς</em></span> 
     </span>
     <span class='ocr_line' id='line_1_26' title="bbox 77 2155 1432 2218; baseline 0.004 -20"><span class='ocrx_word' id='word_1_175' title='bbox 77 2155 126 2199; x_wconf 76' lang='grc' dir='ltr'>δὲ</span> <span class='ocrx_word' id='word_1_176' title='bbox 157 2159 216 2215; x_wconf 80' lang='grc' dir='ltr'>τῷ</span> <span class='ocrx_word' id='word_1_177' title='bbox 249 2159 379 2214; x_wconf 80' lang='grc' dir='ltr'><em>πατρὶ</em></span> <span class='ocrx_word' id='word_1_178' title='bbox 411 2159 520 2203; x_wconf 75' lang='grc' dir='ltr'><strong><em>κατά</em></strong></span> <span class='ocrx_word' id='word_1_179' title='bbox 552 2178 676 2212; x_wconf 80' lang='grc' dir='ltr'><strong><em>τινας</em></strong></span> <span class='ocrx_word' id='word_1_180' title='bbox 708 2165 961 2218; x_wconf 79' lang='grc' dir='ltr'><em>γνωρίμους</em></span> <span class='ocrx_word' id='word_1_181' title='bbox 989 2160 1182 2217; x_wconf 78' lang='grc' dir='ltr'><em>τρόπους</em></span> <span class='ocrx_word' id='word_1_182' title='bbox 1212 2165 1276 2205; x_wconf 87' lang='lat' dir='ltr'>ita</span> <span class='ocrx_word' id='word_1_183' title='bbox 1301 2165 1432 2206; x_wconf 86' lang='lat' dir='ltr'>inter-</span> 
     </span>
     <span class='ocr_line' id='line_1_27' title="bbox 75 2218 1432 2272; baseline 0.005 -15"><span class='ocrx_word' id='word_1_184' title='bbox 75 2218 240 2270; x_wconf 87' lang='lat' dir='ltr'>pretari</span> <span class='ocrx_word' id='word_1_185' title='bbox 273 2218 390 2272; x_wconf 87' lang='lat' dir='ltr'>licet,</span> <span class='ocrx_word' id='word_1_186' title='bbox 426 2223 474 2261; x_wconf 89' lang='lat' dir='ltr'>ut</span> <span class='ocrx_word' id='word_1_187' title='bbox 507 2221 544 2262; x_wconf 87' lang='lat' dir='ltr'>si</span> <span class='ocrx_word' id='word_1_188' title='bbox 575 2236 665 2263; x_wconf 89' lang='lat' dir='ltr'>non</span> <span class='ocrx_word' id='word_1_189' title='bbox 697 2222 873 2264; x_wconf 88' lang='lat' dir='ltr'>eandem</span> <span class='ocrx_word' id='word_1_190' title='bbox 914 2222 1100 2263; x_wconf 85' lang='lat' dir='ltr'>similem</span> <span class='ocrx_word' id='word_1_191' title='bbox 1140 2226 1252 2264; x_wconf 89' lang='lat' dir='ltr'>certe</span> <span class='ocrx_word' id='word_1_192' title='bbox 1284 2237 1432 2264; x_wconf 85' lang='lat' dir='ltr'>narra-</span> 
     </span>
     <span class='ocr_line' id='line_1_28' title="bbox 74 2275 1431 2337; baseline 0.005 -21"><span class='ocrx_word' id='word_1_193' title='bbox 74 2275 239 2318; x_wconf 84' lang='lat' dir='ltr'>tionem</span> <span class='ocrx_word' id='word_1_194' title='bbox 277 2275 430 2319; x_wconf 71' lang='lat' dir='ltr'>suidas</span> <span class='ocrx_word' id='word_1_195' title='bbox 464 2282 563 2321; x_wconf 92' lang='lat' dir='ltr'>ante</span> <span class='ocrx_word' id='word_1_196' title='bbox 593 2281 738 2323; x_wconf 85' lang='lat' dir='ltr'>oculos</span> <span class='ocrx_word' id='word_1_197' title='bbox 770 2280 974 2322; x_wconf 89' lang='lat' dir='ltr'>habuisse</span> <span class='ocrx_word' id='word_1_198' title='bbox 1001 2281 1168 2324; x_wconf 89' lang='lat' dir='ltr'>dicatur</span> <span class='ocrx_word' id='word_1_199' title='bbox 1201 2284 1329 2337; x_wconf 88' lang='lat' dir='ltr'>atque</span> <span class='ocrx_word' id='word_1_200' title='bbox 1360 2282 1431 2323; x_wconf 90' lang='lat' dir='ltr'>hic</span> 
     </span>
    </p>
   </div>
  </div>
 </body>
</html>
