1583 2552
637 95 922 134 -17-

107 206 323 248 stantinus
361 205 452 258 ipse
492 202 716 255 coniugem
756 215 876 241 suam
911 200 963 240 ad
997 200 1253 253 hospitium,
1292 200 1336 240 in
1369 214 1454 254 quo

105 266 285 306 matrem
313 278 435 305 suam
460 261 671 303 Helenam
705 262 805 300 ante
840 262 1025 313 quatuor
1058 274 1194 300 annos
1221 258 1455 312 dimiserat,

106 339 250 366 secum
281 321 489 378 perduxit.

226 382 285 424 Et
322 383 532 423 intrantes
571 379 744 420 domum
782 378 944 432 par-itm
975 378 1142 419 Helena
1173 381 1310 419 mater
1344 376 1454 419 Con—
1470 380 1523 420 27

71 455 86 480 5
108 441 289 484 stantini
328 455 423 483 cum
461 439 639 481 vidisset
676 438 812 478 filium
851 437 901 478 de
934 437 1132 492 pretiosis
1165 438 1359 478 vestibus
1392 437 1454 478 in-

105 502 254 542 dutum
296 503 339 541 et
380 514 521 541 secum
563 500 652 539 tam
693 497 884 538 nobilem
925 500 1099 551 tamque
1140 496 1378 563 pulchram
1408 512 1456 538 ac

104 561 211 602 bene
257 562 454 602 ornatam
499 558 720 599 mulierem
766 558 1005 612 gerentem,
1045 571 1139 597 eum
1181 571 1206 597 a
1243 556 1455 610 plincipio

104 634 193 661 non
239 619 445 675 cognovit
486 631 615 672 seque
659 616 705 657 in
750 630 933 670 persona
976 590 1054 656 filii
1098 615 1189 657 fore
1235 616 1455 670 deceptam

107 679 362 720 aestimavit.
414 677 497 719 Sed
528 691 624 718 cum
651 674 964 717 Constantinus
991 675 1029 716 ei
1055 677 1193 716 totam
1220 675 1281 716 rei
1308 677 1455 729 gestae

54 751 88 776 10
108 738 260 779 seriem
286 739 435 792 utpote
461 735 643 791 qualiter
669 750 695 775 a
720 735 1033 776 mercatoribus
1056 733 1265 776 Romanis
1294 750 1317 776 a
1343 735 1457 788 prin-

106 797 217 851 cipio
257 799 406 851 captus
445 799 488 837 et
524 795 571 836 in
609 794 806 836 domibus
845 794 1037 848 ipsorum
1076 794 1278 835 educatus
1317 794 1457 848 fuerit,

106 856 288 911 qualiter
321 870 488 910 quoque
522 854 600 896 sub
631 854 806 895 nomine
838 853 916 894 filii
947 854 1219 908 impeiatoris
1252 853 1305 894 ad
1326 852 1457 895 Grae-

105 915 214 956 ciam
240 915 470 969 perductus
499 913 581 955 sibi
605 927 808 967 praesens
834 913 1000 967 mulier,
1026 913 1298 967 imperatoris
1327 912 1456 954 Grae-

107 989 253 1016 corum
284 974 396 1029 filia,
433 974 477 1015 in
514 987 691 1014 uxorem
731 972 895 1014 sociata
933 973 1145 1014 exstiterit
1184 987 1232 1014 ac
1271 972 1456 1027 qualiter

54 1045 86 1070 15
107 1033 224 1087 ipsos
257 1033 359 1074 dicti
391 1034 652 1074 mercatores
685 1032 732 1073 in
756 1032 910 1085 insula,
936 1034 985 1073 ut
1010 1032 1123 1073 fame
1156 1033 1456 1085 interficerent,

105 1092 360 1133 dimiserant
386 1094 429 1134 et
455 1106 556 1134 casu
589 1091 663 1132 alii
693 1094 956 1133 mercatores
988 1091 1148 1133 ibidem
1180 1094 1455 1133 transeuntes

105 1166 176 1193 eos
217 1151 271 1192 ad
308 1151 493 1193 Romam
530 1150 834 1206 perduxerant,
872 1165 1048 1192 narrare
1086 1151 1332 1205 incepisset,
1372 1166 1455 1206 quo

105 1210 252 1252 audito
285 1209 454 1252 Helena
493 1225 624 1264 supra
661 1210 836 1251 modum
871 1209 1113 1264 stupefacta
1144 1210 1281 1251 filium
1315 1210 1457 1265 coepit

106 1268 356 1323 diligentius
388 1269 545 1310 intueri
591 1271 634 1309 et
676 1272 767 1309 tam
806 1283 855 1310 ex
894 1269 1069 1323 loquela
1108 1284 1235 1324 quam
1276 1285 1326 1310 ex
1365 1284 1456 1324 spe-

57 1341 90 1365 20
110 1328 287 1368 cialibus
309 1328 454 1382 gestis,
477 1342 582 1382 quos
603 1328 745 1382 ipsum
766 1328 811 1369 in
836 1329 1058 1370 iuventute
1078 1331 1260 1370 noverat
1285 1328 1457 1384 habere,

107 1401 235 1441 quam
262 1387 393 1428 etiam
421 1387 516 1428 aliis
541 1387 712 1428 indiciis
740 1388 878 1442 magis
906 1402 955 1429 ac
974 1388 1114 1443 magis
1135 1389 1275 1442 ipsum
1298 1402 1452 1444 cogno-

106 1460 220 1487 scere
240 1446 402 1500 incepit
413 1461 490 1487 nec
506 1449 652 1487 tamen
666 1449 842 1500 propter
859 1447 963 1489 facti
979 1448 1265 1502 quantitatem
1282 1451 1457 1502 stupen-

106 1504 204 1545 dam
224 1505 370 1559 potuit
388 1505 563 1546 reddere
585 1506 689 1546 satis
711 1508 885 1560 certam,
899 1509 1045 1548 tamen
1066 1507 1289 1561 compulsa
1309 1521 1454 1549 amore

107 1578 152 1605 se
171 1564 310 1618 ipsam
337 1564 496 1606 diutius
525 1565 743 1606 continere
768 1579 856 1607 non
877 1566 1022 1607 valens
1049 1567 1236 1620 procidit
1261 1567 1305 1608 in
1330 1567 1453 1608 lacri—

54 1634 88 1659 25
109 1637 201 1664 mas
234 1625 276 1664 et
307 1638 408 1677 prae
440 1623 597 1678 gaudio
630 1624 896 1666 amarissime
928 1625 1028 1667 flere
1062 1627 1213 1680 coepit.

225 1681 285 1722 Et
334 1697 511 1738 surgens
561 1699 657 1725 eum
713 1684 968 1726 festinantia
1018 1686 1160 1740 ipsum
1212 1685 1525 1740 amplexatam

107 1754 287 1795 eumque
331 1743 538 1796 tanquam
589 1743 725 1784 filium
777 1758 900 1785 suum
950 1745 1221 1799 unigenitum
1270 1746 1455 1787 materni

108 1799 243 1841 osculi
277 1799 497 1842 dulcedine
529 1802 690 1855 recepit
721 1802 879 1844 dicens:
926 1803 1028 1845 ‘Fili
1067 1804 1128 1845 mi
1167 1804 1454 1848 dilectissime

107 1858 214 1900 bene
258 1859 444 1912 v·ene1is;
487 1860 591 1904 deus
641 1861 914 1915 omnipotens
960 1863 1016 1903 sit
1065 1863 1332 1917 benedictus,
1381 1864 1453 1918 qui

53 1928 87 1953 30
107 1919 149 1958 te
181 1917 288 1958 mihi
318 1919 525 1964 restituit
557 1920 730 1961 unicum
763 1921 907 1962 lumen
941 1937 1101 1976 meum,
1139 1898 1366 1964 benedicta
1399 1923 1455 1964 sit

107 1975 196 2017 dies
228 1977 326 2031 ista,
351 1977 395 2018 in
427 1993 510 2032 qua
542 1982 583 2019 te
610 1980 762 2034 recepi,
790 1980 839 2021 de
866 1981 984 2022 cuius
1010 1982 1335 2036 recuperatione
1367 1982 1452 2023 iam

106 2035 263 2076 dudum
296 2050 413 2077 eram
445 2037 686 2093 desperata3
722 2039 848 2080 hodie
876 2040 976 2082 deus
1005 2040 1281 2082 affiictionem
1313 2055 1453 2083 meam

201 2143 219 2172 7
247 2142 438 2184 gerentem
468 2143 602 2187 sco-ipsi
628 2155 700 2188 pio
733 2145 865 2180 codicis
897 2146 938 2180 F
971 2147 1158 2190 scm'ptma
1195 2148 1337 2181 reieute
1370 2149 1451 2189 (ret-

102 2189 323 2231 neuntem?);
355 2189 397 2222 in
421 2189 460 2223 D
484 2190 571 2224 haec
601 2202 671 2226 voa:
696 2193 810 2227 deleta
835 2197 894 2229 est.
992 2198 1031 2227 11
1059 2193 1223 2238 ipsorum
1247 2194 1297 2237 D,
1325 2205 1452 2228 eorum

102 2232 150 2266 F.
296 2237 336 2268 15
363 2235 485 2270 insula
509 2237 559 2281 D,
589 2238 749 2273 insulam
781 2239 899 2275 1.-
926 2241 1151 2276 indicativus
1175 2242 1358 2286 qenuinus
1382 2252 1453 2276 esse

101 2280 246 2316 videtur
270 2284 312 2316 ut
337 2282 378 2316 in
403 2284 519 2327 capite
544 2288 602 2319 48.

172 2346 283 2373 Incerti
304 2349 436 2375 auctoris
456 2350 492 2376 de
514 2349 713 2377 Constantino
733 2353 854 2383 Magno.
1213 2352 1233 2382 2
