1583 2552
133 846 159 886 5

142 1609 168 1651 6

721 91 974 131 -4-

175 196 315 250 coepit
349 195 521 250 suisque
553 195 752 237 manibus
785 196 948 238 victum
981 196 1065 237 sibi
1103 210 1306 250 quaerere
1339 197 1525 239 sollicite

176 254 400 310 cogitavit.
449 253 640 295 Donaria
673 257 818 296 autem
849 255 985 309 ipsius
1018 255 1291 309 imperatoris
1323 255 1386 297 ita.
1415 256 1527 310 apud

177 328 220 354 se
261 313 512 367 occultavit,
550 316 598 354 ut
638 317 777 355 essent
817 314 1015 355 omnibus
1047 314 1269 368 incognita
1301 316 1343 354 et
1373 315 1527 368 ignota

175 386 309 426 usque
351 373 397 412 in
440 372 552 413 diem
592 373 867 414 revelationis
915 373 1106 427 ipsorum
1150 372 1263 413 infra
1308 373 1526 427 scriptum.

175 430 385 471 Homines
419 433 562 472 autem
594 431 659 471 illi
691 446 786 472 cum
813 432 968 486 quibus
994 431 1188 485 praefata
1217 431 1385 473 Helena
1409 431 1556 473 habi-e

176 493 269 531 tare
308 489 451 543 coepit
488 490 680 531 videntes
718 491 809 531 eius
847 490 1213 544 pulchritudinem
1251 505 1299 531 ac
1341 490 1529 532 sollicite

178 548 497 590 considerantes
536 563 704 590 morum
743 549 833 590 eius
874 552 917 591 et
947 549 1156 590 virtutum
1189 548 1449 603 elegantiam
1482 563 1530 590 ac

177 607 376 648 laborum
398 622 571 648 suorum
591 607 877 662 frequentiam
899 611 942 649 et
961 608 1216 662 qualitatem
1243 608 1292 648 de
1319 620 1530 661 generosa

180 669 221 706 et
252 665 393 707 nobili
425 667 630 720 prosapia
662 667 873 721 originem
905 667 1089 708 traxisse
1123 666 1403 707 aestimantes
1440 680 1530 708 coe-

179 727 336 778 perunt
369 739 463 765 eam
496 740 623 779 quam
654 726 888 779 plurimum
920 725 1098 780 diligere
1125 728 1167 766 et
1200 739 1371 766 omnem
1403 739 1531 779 quam

179 786 381 837 poterant
411 783 620 837 pietatem
654 784 737 825 sibi
770 784 982 825 exhibere.

300 840 559 884 Succedente
605 845 749 884 autem
791 846 985 896 tempore
1031 845 1073 883 et
1112 842 1336 896 completis
1382 842 1531 884 diebus

181 900 347 941 Helena
378 901 547 955 peperit
585 901 722 942 filium
755 904 795 942 et
827 916 986 943 nomen
1017 902 1055 942 ei
1085 904 1239 955 patruo
1271 916 1360 943 non
1391 901 1533 942 incon-

180 959 356 1001 veniens
397 962 440 1000 et
479 960 626 1001 exinde
666 960 904 1002 derivatum
943 961 1166 1014 imponens
1200 958 1535 1002 Constantinum

180 1018 433 1059 nominavit.
490 1018 751 1060 Hominibus
790 1022 933 1061 autem
971 1019 1077 1073 illis,
1117 1033 1212 1060 cum
1251 1019 1403 1073 quibus
1437 1032 1535 1059 con-

181 1077 455 1131 versabatur,
495 1077 544 1118 de
586 1081 707 1132 patre
739 1079 861 1132 pueri
894 1078 988 1133 quis
1021 1080 1133 1119 esset
1165 1076 1535 1131 interrogantibus

183 1135 291 1176 dixit
329 1137 486 1190 mater,
526 1136 639 1191 quod
679 1151 774 1178 eum
812 1137 862 1178 (le
902 1137 1087 1191 quodam
1125 1136 1235 1190 viro,
1282 1150 1409 1190 quem
1453 1135 1537 1176 sibi

182 1197 381 1248 parentes
427 1195 473 1235 in
515 1195 713 1248 partibus
757 1195 976 1237 natalibus
1026 1196 1071 1236 in
1119 1195 1323 1236 maritum
1367 1194 1538 1248 copula-

183 1256 353 1306 verant,
385 1268 522 1307 nuper
549 1254 748 1295 defuncto
776 1255 1047 1308 suscepisset.
1092 1252 1237 1295 Crevit
1263 1256 1407 1294 autem
1433 1267 1538 1306 puer

184 1311 267 1352 iste
301 1325 349 1352 ac
387 1312 437 1352 de
476 1312 600 1353 corde
639 1313 831 1354 virtuoso
871 1314 1085 1354 virtuosae
1124 1313 1274 1353 matris
1306 1311 1536 1352 virtutibus

186 1373 229 1411 et
260 1370 385 1411 bonis
413 1371 605 1412 moribus
639 1371 897 1413 informatus
926 1386 974 1413 ac
1007 1371 1057 1412 de
1084 1371 1306 1412 laboribus
1333 1384 1537 1411 manuum

186 1443 360 1470 suarum
407 1429 609 1471 educatus
656 1430 796 1484 coepit
846 1430 1014 1484 placere
1059 1429 1274 1482 omnibus,
1325 1429 1398 1483 qui
1448 1428 1537 1469 eius

187 1487 391 1528 notitiam
424 1488 684 1543 habuerunt,
722 1503 817 1530 cum
855 1492 969 1530 esset
1008 1488 1321 1542 pulcherrimus
1353 1487 1400 1528 in
1431 1486 1539 1529 facie

188 1549 230 1586 et
262 1546 306 1586 in
338 1561 506 1587 morum
539 1547 789 1601 aptissimus
823 1547 1062 1601 disciplina.

307 1604 372 1645 Eo
425 1607 569 1646 autem
617 1608 811 1660 tempore
862 1605 1002 1660 viguit
1052 1607 1094 1646 et
1139 1604 1296 1645 diutius
1341 1603 1539 1657 viguerat

188 1675 348 1717 magna
381 1676 634 1716 guerrarum
661 1664 891 1706 commotio
918 1664 1031 1705 inter
1057 1664 1362 1717 imperatorem
1387 1662 1540 1703 Roma-

187 1736 290 1762 num
337 1719 642 1764 Constantium
685 1723 955 1777 praedictum
999 1725 1042 1763 et
1082 1723 1388 1775 imperatorem
1430 1719 1539 1762 Con-

190 1780 631 1833 stantinopolitanum
673 1797 747 1822 seu
792 1780 1072 1834 Graecorum3
1119 1782 1160 1821 et
1203 1781 1290 1821 iam
1333 1794 1409 1833 per
1451 1779 1541 1820 diu-

188 1839 443 1880 turnitatem
471 1841 795 1882 contentionum
821 1839 1065 1882 huiusmodi
1091 1839 1214 1893 quasi
1239 1840 1336 1879 tota
1362 1837 1542 1878 Graecia

192 1912 287 1938 cum
334 1896 563 1952 Romanis,
618 1913 798 1954 quorum
845 1911 1003 1952 magna
1047 1900 1150 1938 tunc
1193 1896 1399 1950 temporis
1451 1897 1543 1937 erat

191 1956 401 2010 potentia,
430 1956 483 1997 ad
504 1958 907 1999 exterminationem
927 1956 1100 1997 redacta
1125 1955 1214 1996 fere
1241 1954 1334 1996 fuit.
1378 1954 1543 1995 Eodem

192 2028 293 2056 vero
333 2017 526 2068 tempore
566 2019 688 2057 erant
727 2017 772 2057 in
803 2016 909 2057 urbe
940 2014 1138 2055 Romana
1171 2013 1252 2054 duo
1285 2012 1542 2067 praedivites

194 2076 473 2126 mercatores,
519 2075 569 2116 de
609 2075 762 2129 quibus
801 2075 1035 2128 imperator
1073 2072 1333 2114 Graecorum
1376 2073 1543 2112 tantam

292 2173 310 2203 7
333 2179 374 2201 ac
396 2168 564 2203 laborum
584 2167 643 2208 D,
678 2168 716 2200 et
736 2166 905 2200 laborum
925 2165 971 2199 F.
1069 2167 1090 2198 8
1120 2174 1268 2197 suorum
1294 2163 1359 2205 cfr.
1386 2162 1435 2197 ad
1454 2172 1542 2206 pay.

196 2218 237 2257 5,
263 2219 324 2251 25.
426 2219 467 2250 18
495 2214 534 2247 in
572 2213 742 2259 partibus
777 2212 816 2246 in
846 2212 1022 2246 maritum
1047 2211 1165 2254 codd„
1200 2209 1387 2244 natalibus
1414 2208 1544 2243 addidi

197 2273 241 2297 ex
267 2263 384 2307 capite
410 2265 467 2297 35.
568 2266 610 2295 33
638 2261 781 2294 tantam
808 2260 928 2295 omisit
953 2258 999 2293 F.

1557 1321 1583 1346 2(

1562 1905 1583 1930 3«
