1583 2552
662 143 944 184 -14-

130 248 342 302 cit-abunt,
381 248 548 302 quando
588 249 668 290 erit
706 249 909 303 tempus'.
977 249 1130 291 Mulier
1179 251 1341 303 autem,
1379 249 1479 304 quia

129 308 266 362 magis
316 307 569 349 meticulosa
619 308 712 350 ideo
764 309 903 363 magis
949 309 1154 363 sollicita,
1199 322 1377 363 surgens
1428 309 1478 350 de

129 367 238 408 lecto
283 369 325 408 et
369 367 517 408 induta
561 367 754 409 vestibus
800 368 932 410 exivit
974 368 1025 409 de
1068 369 1255 410 tentorio
1301 370 1344 408 et
1381 383 1478 409 cum

130 426 457 480 circumquaque
489 427 769 480 perquisisset
808 442 887 469 nec
917 442 1048 468 naves
1079 443 1158 470 nec
1189 428 1386 469 homines
1417 427 1478 468 in-

131 485 337 540 venisset,
375 500 547 527 reversa
588 486 641 527 ad
679 486 818 527 virum
856 501 951 528 cum
991 501 1149 542 magno
1189 487 1350 529 eiulatu
1387 501 1477 528 rem
1515 499 1531 524 5

132 546 300 598 gestam
332 545 440 585 dixit
472 544 565 586 sibi.
617 544 698 594 Qui
728 545 811 588 hoc
843 546 988 588 audito
1021 561 1174 588 manus
1205 547 1251 588 in
1281 546 1478 600 proprios

131 604 310 658 capillos
352 603 546 645 injiciens
585 619 713 659 seque
758 605 1013 659 decapillare
1057 606 1266 660 incipiens
1309 604 1480 646 fortiter

131 663 176 703 in
214 666 382 704 tantam
421 664 775 705 lamentationem
816 668 858 705 et
889 664 1078 706 dolorem
1110 665 1324 719 prorupit,
1355 664 1478 718 quod,

127 722 211 763 nisi
255 722 408 764 mulier
452 722 542 763 eius
591 723 782 764 dolorem
827 724 967 764 verbis
1013 723 1315 766 consolatoriis
1363 723 1477 764 miti-

129 784 288 835 gasset,
321 796 366 822 se
397 781 539 835 ipsum
566 785 613 823 ut
639 783 819 823 aestimo
852 783 1024 837 proprio
1052 783 1194 838 gladio
1228 782 1480 838 peremisset
1499 795 1532 819 10

130 841 291 882 dicens:
332 840 387 883 ‘O
429 841 584 882 dilecta
624 841 797 883 domina
835 857 931 884 mea
969 845 1011 884 et
1044 857 1218 897 sponsa,
1251 856 1329 897 ego
1364 841 1478 883 enim

131 915 224 941 sum
262 900 463 954 pauperis
505 900 695 942 mulieris
734 901 845 943 filius
878 904 920 942 et
950 901 1032 943 tibi
1063 902 1356 943 nobilissimae
1388 916 1478 942 mu-

130 959 225 1000 lieri
263 974 339 1014 per
377 959 569 1000 fraudem
609 962 652 1001 et
696 960 841 1002 dolum
886 961 1211 1002 maledictorum
1252 960 1477 1002 hominum

129 1019 366 1072 copulatus.
419 1018 533 1067 Quot
566 1022 608 1061 et
640 1019 791 1073 quanti
822 1020 867 1060 in
899 1020 1023 1061 domo
1055 1021 1192 1074 patris
1224 1020 1288 1061 tui
1319 1020 1476 1073 reperi-

128 1080 275 1131 untur,
318 1078 390 1132 qui
432 1078 549 1132 digni
590 1081 631 1119 te
672 1093 749 1132 pro
792 1079 961 1120 familia
999 1094 1088 1120 non
1133 1082 1231 1121 sunt
1275 1079 1475 1133 reputati,
1497 1095 1530 1121 15

128 1151 308 1191 quorum
342 1150 421 1191 ego
454 1137 622 1178 ratione
662 1139 832 1192 generis
866 1153 1010 1180 servus
1051 1153 1143 1180 esse
1174 1145 1262 1180 no‘n
1293 1152 1482 1196 possem..

127 1195 223 1250 Ego
257 1196 370 1237 enim
404 1211 498 1237 sum
532 1211 659 1237 causa
686 1198 835 1239 mortis
862 1200 961 1239 tuae
994 1200 1037 1239 et
1069 1198 1122 1239 ad
1148 1198 1278 1239 istum
1303 1197 1477 1238 misera-

130 1255 259 1296 bilem
281 1255 503 1296 interitum
522 1259 565 1297 te
591 1256 780 1310 perduxi.
823 1255 1024 1311 Supplico
1046 1260 1094 1298 ut
1119 1258 1186 1298 vel
1212 1271 1279 1298 me
1299 1256 1475 1310 proprio

130 1314 271 1369 gladio
305 1315 537 1356 interficias
570 1315 635 1356 ve]
668 1315 846 1369 patiaris
881 1330 946 1357 me
979 1316 1121 1370 ipsum
1153 1314 1375 1370 iugulare'.

58 1373 113 1413 22
246 1373 400 1415 Mulier
438 1389 538 1415 vero
578 1375 668 1415 eius
708 1375 841 1416 nimio
881 1375 1027 1417 dolore
1066 1379 1182 1416 mota
1222 1375 1387 1428 sibique
1428 1389 1477 1415 ex
1497 1394 1532 1419 20
1574 1383 1575 1389 ’

129 1433 253 1474 corde
293 1433 546 1486 conpatiens
593 1434 898 1475 consolabatur
942 1434 1083 1488 ipsum
1130 1434 1292 1475 dicens:
1333 1432 1477 1475 tUnde

130 1495 203 1532 aut
230 1492 348 1533 cuius
381 1492 641 1534 condicionis
673 1493 741 1534 vel
769 1493 938 1547 generis
965 1493 1022 1534 sis
1049 1493 1115 1534 vel
1142 1493 1292 1546 fueris,
1318 1492 1368 1533 de
1394 1492 1475 1534 hoc

127 1566 214 1592 non
248 1566 425 1606 quaer03
458 1552 543 1593 scio
572 1552 685 1593 enim
713 1553 827 1607 quod
853 1552 959 1593 mihi
987 1552 1030 1594 in
1057 1553 1257 1593 maritum
1285 1551 1351 1593 vel
1378 1566 1476 1592 con-

127 1610 273 1665 iugem
305 1611 494 1652 sociatus
527 1626 582 1663 es,
616 1626 641 1652 a
667 1615 710 1652 te
736 1626 970 1666 numquam
1003 1614 1177 1665 propter
1210 1614 1375 1665 patrem
1402 1613 1476 1651 aut

129 1672 307 1711 matrem
329 1672 403 1711 aut
423 1670 613 1724 aliquam
634 1684 862 1723 personam
884 1670 1096 1711 viventem
1117 1669 1350 1724 separabor
1375 1669 1474 1711 dum
1495 1688 1529 1713 25

129 1728 285 1770 vixero.
342 1728 432 1770 Nec
458 1732 602 1782 potest
626 1743 693 1769 res
719 1729 813 1783 ipsa
840 1729 1001 1784 absque
1028 1729 1220 1770 miraculi
1248 1728 1474 1784 praesagio

130 1790 172 1828 et
197 1788 468 1830 ordinatione
495 1788 640 1829 divina
661 1788 883 1842 accidisse3
909 1791 1084 1844 propter
1110 1789 1223 1843 quod
1250 1789 1340 1842 ipse
1361 1788 1476 1842 deus,

130 1847 166 1887 si
192 1847 238 1887 in
264 1847 406 1901 ipsum
433 1847 612 1888 firmiter
640 1848 967 1902 speraverimus,
993 1862 1071 1889 nos
1098 1848 1148 1889 de
1174 1850 1324 1889 nostra
1350 1847 1474 1888 citius

129 1906 331 1960 angustia
362 1906 575 1948 liberabit.
637 1905 852 1949 Constans
885 1909 977 1948 esto
1010 1910 1053 1948 et
1085 1907 1190 1948 boni
1217 1906 1361 1960 animi,
1393 1919 1473 1960 ego

130 1965 244 2005 enim
283 1965 420 2006 adhuc
456 1965 594 2007 habeo
633 1968 803 2007 tantum
841 1966 890 2007 de
930 1965 1132 2019 pretiosis
1172 1964 1360 2006 enceniis
1397 1979 1474 2018 per
1493 1982 1528 2007 30

129 2026 309 2065 matrem
354 2039 494 2066 meam
538 2025 642 2066 mihi
686 2025 878 2079 traditis,
922 2025 1095 2079 quibus,
1141 2024 1370 2065 dummodo
1415 2023 1474 2064 dii

127 2083 266 2124 nostri
311 2083 364 2125 ad
414 2084 598 2138 aliquem
642 2087 815 2138 portum
865 2098 939 2125 seu
982 2083 1294 2125 habitationem
1336 2082 1474 2124 homi—

128 2156 230 2183 num
262 2142 380 2183 vivos
418 2157 497 2184 nos
528 2143 822 2198 perduxerint,
855 2143 1012 2184 habere
1044 2142 1280 2197 poterimus
1312 2141 1472 2183 victum

225 2332 269 2363 20
296 2340 365 2374 que
391 2329 483 2363 deest
510 2330 549 2363 in
574 2330 673 2364 codd.
